2408 3870
115 179 178 245 116
463 176 766 235 1111111111111

71 340 96 382 rs
111 346 168 408 que
179 328 251 406 ipsis
264 328 296 387 11
311 326 428 406 templis
442 327 532 405 ligere
547 343 614 386 aera
629 326 800 386 sacrandam
815 326 851 387 ed
867 330 1062 410 memoriam,
1078 349 1136 392 neu

111 419 210 496 specie
224 415 377 494 religionis
392 416 422 475 iu
437 414 627 475 ambitionem
642 413 860 475 delaberentur.

177 501 229 565 64.
259 503 321 564 Sub
350 503 429 564 idern
453 512 571 581 tempus
589 502 679 564 lullae
703 503 854 582 Augustae
877 501 1024 565 valetudo
1048 515 1136 568 atros

111 592 361 654 necessitudinem
378 593 505 670 principi
519 591 589 653 tecit
604 592 734 652 testinatl
748 593 779 651 in
792 590 899 652 urbem
913 591 1053 674 reditus,
1076 598 1135 656 sin·

111 699 179 742 cera
204 680 300 741 adbuc
324 683 402 739 inter
424 687 549 740 matrem
568 679 721 759 filiumque
740 679 898 740 concordia
917 681 983 741 sive
1003 684 1136 745 occultis

111 770 195 831 odiis.
220 786 316 846 neque
331 769 410 828 euim
425 767 517 828 multo
532 776 609 848 ante,
623 786 691 828 cum
705 766 784 828 haud
798 766 903 847 procul
917 767 1042 831 theatro
1058 771 1135 834 blar-

84 857 178 918 ecelli
197 857 326 934 effigiem
346 855 413 915 divo
433 855 566 935 Augusto
585 855 657 916 lulla
675 856 801 937 dicaret,
819 854 921 917 Tiberi
939 872 1060 920 nomen
1080 878 1135 922 suo

110 946 353 1026 postscripserat,
380 943 469 1022 idque
492 944 541 1005 ille
564 943 742 1005 credebatur
765 952 799 1005 ut
820 945 947 1004 inferius
971 949 1135 1010 maiestate

110 1034 254 1112 principis
273 1034 353 1111 gravi
372 1039 401 1092 et
420 1031 601 1104 dissimulata
622 1033 783 1093 offensione
804 1031 962 1094 abdidisse.
999 1044 1050 1097 set
1070 1047 1134 1099 tum

112 1120 256 1200 supplicia
280 1120 325 1180 dis
348 1120 470 1199 ludique
493 1123 591 1199 magni
614 1120 650 1182 ub
674 1129 779 1182 senatu
803 1121 1026 1202 decernuntur,
1057 1144 1135 1206 qnos

110 1210 266 1289 pontifices
286 1217 316 1270 et
334 1226 462 1288 augures
481 1217 512 1268 et
530 1209 756 1287 quindecimviri
781 1209 969 1288 septemviris
990 1213 1135 1276 simulet

71 1312 97 1352 11
111 1298 260 1359 sodalibus
279 1296 490 1377 Augustalibus
509 1297 640 1359 ederent.
678 1306 837 1358 censuerat
853 1296 885 1357 L.
903 1296 1080 1385 Apronius,
1103 1312 1135 1365 ut

111 1387 225 1448 fetiales
249 1404 368 1466 quoque
386 1388 423 1447 iis
442 1385 519 1448 ludis
543 1386 754 1466 praesiderent.
792 1393 895 1447 contra
914 1385 993 1448 dixit
1012 1389 1134 1472 Caesar,

111 1475 251 1537 distincte
262 1475 495 1537 sacerdotiorum
506 1477 571 1536 inre
582 1482 613 1534 et
622 1477 756 1553 repetitis
765 1473 921 1554 exemplis:
934 1484 1134 1555 nequeenim

111 1582 251 1643 umquam
274 1563 422 1625 fetialibus
445 1563 501 1624 boc
526 1565 687 1624 maiestatis
712 1563 814 1624 luisse.
855 1563 922 1624 ideo
945 1563 1134 1645 Augustales

111 1653 256 1733 adiectos,
275 1654 344 1731 quia
362 1654 517 1730 proprium
536 1654 600 1713 eius
619 1651 725 1712 domus
744 1651 942 1712 sacerdotium
957 1663 1059 1737 esset,
1079 1677 1134 1740 pro

72 1755 97 1796 11
112 1760 169 1821 qua
183 1749 249 1801 vota
264 1740 511 1818 persolverentur.

178 1826 384 1906 6111111111
407 1830 568 1888 sententies
591 1827 669 1888 haurd
693 1829 811 1889 institui
832 1829 891 1888 nisi
912 1830 1054 1909 insignes
1080 1853 1135 1914 per

112 1916 269 1977 honestum
293 1925 345 1975 aut
367 1914 488 1976 notabili
512 1915 669 1997 dedecore,
694 1916 773 1996 quod
796 1918 994 1996 praecipuum
1019 1938 1134 1986 munus

111 2004 260 2064 annalium
280 2021 363 2083 reor,
382 2022 419 2063 ne
438 2006 562 2064 virtutes
581 2005 725 2066 sileantur
729 2015 851 2099 ,utque
865 2007 964 2084 pravis
981 2007 1078 2072 dictis
1093 2013 1133 2072 ia-

111 2095 229 2170 ctisque
244 2110 279 2151 ex
294 2094 467 2170 posteritate
482 2100 512 2152 et
525 2093 643 2154 infamia
658 2101 756 2154 metus
770 2095 817 2153 sit
840 2101 975 2154 ceterum
991 2105 1133 2179 tempora

85 2180 159 2240 silla
181 2180 254 2240 adeo
274 2180 383 2240 inlecta
403 2187 435 2240 et
455 2180 622 2242 adulatione
644 2183 763 2242 sordide
783 2183 881 2261 lucre,
902 2189 1020 2246 utnon
1040 2190 1133 2250 modo

111 2272 256 2348 primores
271 2271 397 2330 civitatis
402 2316 410 2349 ,
426 2270 534 2348 quibus
549 2269 693 2331 claritudo
708 2289 761 2332 sua
775 2270 928 2349 obsequiis
941 2278 1132 2354 protegenda

111 2365 187 2437 erat,
209 2356 261 2417 sed
276 2374 378 2417 omues
393 2358 577 2438 consulares,
596 2376 700 2437 magna
713 2377 783 2438 pars
797 2376 901 2419 eorum
917 2361 969 2438 qui
982 2373 1131 2440 praetura

111 2447 206 2508 iuncti
219 2446 364 2526 multique
379 2448 467 2507 etiam
481 2446 595 2525 pedarii
609 2455 761 2508 senatores
775 2450 912 2508 certatim
925 2463 1132 2530 exsurgerent

112 2537 255 2615 foedaque
276 2543 307 2595 et
324 2537 412 2595 nimia
432 2533 596 2596 censerent.
629 2539 788 2597 memoriae
809 2535 946 2614 proditur
960 2535 1131 2623 Tiberium,

74 2637 100 2676 10
114 2628 250 2702 quotiens
270 2626 352 2685 curia
371 2623 577 2703 egrederetur,
596 2623 716 2685 Graccis
735 2623 833 2684 verbis
851 2625 883 2685 in
902 2624 982 2685 hunc
1003 2631 1130 2692 modum

112 2712 211 2790 eloqui
234 2711 353 2772 solitum
373 2709 401 2772 ‘o
420 2713 556 2773 homines
579 2712 616 2773 ad
640 2715 813 2773 servitutem
836 2708 984 2790 paratos!'
1011 2718 1131 2780 scilicet

112 2801 200 2859 etiam
223 2797 319 2886 illum,
343 2802 394 2879 qui
412 2800 580 2862 libertatem
598 2799 746 2881 publicem
765 2801 868 2882 nollet,
893 2809 953 2862 tam
971 2808 1130 2937 proiectae

111 2889 302 2948 servientium
317 2891 475 2965 patientiae
489 2888 633 2950 taedebat.

177 2973 229 3036 66.
248 2975 390 3035 Paulatim
409 2977 516 3038 dehinc
534 2976 570 3037 ab
589 2974 738 3038 indecoris
752 2978 788 3038 ad
790 2962 909 3038 infesta
924 2932 1129 3059 transgredie-

110 3063 227 3125 bantur
273 3063 303 3124 6.
328 3063 460 3126 Silanum
487 3083 540 3144 pro
569 3065 691 3125 consule
718 3065 817 3147 Asiae,
845 3066 1083 3144 repetundarum
1113 3091 1127 3132 a

111 3155 199 3213 sociis
214 3151 408 3233 postulatum,
423 3152 588 3213 Mamercus
603 3153 733 3214 Scaurus
748 3174 764 3214 e
779 3154 999 3236 consularibus,
1020 3157 1128 3222 lunius

110 3240 193 3301 Otho
207 3248 337 3321 praetor,
357 3239 530 3302 Bruttedius
548 3241 638 3321 Niger
657 3242 759 3303 aedilis
777 3243 867 3304 simul
886 3245 1056 3323 corripiunt
1075 3249 1126 3311 ob-

83 3339 96 3379 ὁ
110 3331 279 3409 nectuntque
294 3328 432 3390 violatum
447 3329 574 3409 Augusti
587 3349 706 3412 numen,
721 3339 850 3411 spretam
861 3330 973 3393 Tiberii
987 3336 1127 3399 maiesta-

181 3445 539 3515 lid,1bfigerePt'rlreoa:
563 3446 628 3502 fiere
653 3452 658 3515 1
682 3448 729 3514 66,
748 3446 940 3502 thuttidius
958 3448 1127 3520 Beroaldus
1172 3452 1173 3456 ’

110 3512 166 3568 Β11
167 3513 254 3569 tidius
272 3516 432 3586 Rhenanus,
450 3523 480 3574 et
498 3520 533 3586 cf.
547 3519 724 3574 1111111111·
712 3535 744 3574 m
757 3518 795 3575 N
808 3535 877 3574 mus.
891 3518 979 3574 libes.
994 3519 1055 3590 XI,
1068 3497 1128 3581 295⁹
