2408 3870
136 184 202 248 224
486 181 656 238 CORNELII
674 180 794 236 TAGlTI

137 335 235 411 tisqne
259 334 365 392 castris
388 331 465 409 apud
489 331 627 411 Zeugma,
651 330 729 391 unde
752 331 878 390 maxime
901 331 1022 409 pervius
1044 332 1153 410 amnis,

136 431 292 500 postquam
306 419 446 480 inlustres
456 419 558 480 Parthi
571 437 684 498 rexque
693 418 823 482 Arabum
832 417 966 478 Acbarus
980 416 1154 499 advenerat,

96 524 123 565 ιο
136 517 236 571 monet
255 508 458 589 Meherdaten,
481 507 675 570 barbarorum
699 509 827 587 impetus
851 525 935 568 acres
959 509 1153 569 cunctatione

135 598 326 677 languescere
350 598 455 657 autin
477 597 630 675 perlidiam
653 598 774 657 mutari:
801 597 842 656 itt
869 603 1012 674 urgueret
1035 605 1154 675 coepta.

137 685 216 766 quod
227 692 360 764 spretum
371 684 474 746 fraude
484 683 600 766 Acbari,
610 687 661 764 qui
671 686 807 745 iuvenem
817 686 952 763 ignarum
963 692 993 744 et
1002 701 1154 745 summam

135 775 284 836 fortunam
298 776 330 833 in
344 773 416 834 luxu
425 780 523 834 ratum
532 773 642 834 multos
650 791 706 852 per
715 772 778 834 dies
788 774 908 835 attinuit
917 772 995 851 apud
1005 773 1153 851 oppidum

136 863 287 923 Edessam.
315 869 346 921 et
360 869 482 922 vocante
492 860 608 922 Garene
622 869 834 941 promptasque
852 879 902 921 res
921 868 1106 943 ostentante,
1127 866 1154 923 si
1180 850 1189 870 ⁹

97 965 124 1007 33
136 953 190 1012 citi
203 951 401 1030 advenissent,
415 967 475 1010 non
489 951 654 1012 comminus
668 949 921 1030 Mesopotamiam,
935 949 987 1011 sed
1002 948 1082 1010 flexu
1099 953 1152 1011 Ar-

136 1041 262 1100 moniam
272 1045 387 1119 petunt,
395 1038 425 1101 id
433 1040 575 1117 temporis
584 1040 782 1119 inportunam,
790 1040 859 1117 quia
868 1038 1152 1119 hiemsoccipiebat.

205 1124 254 1187 13.
278 1125 363 1186 Exim
382 1126 499 1187 nivibus
518 1135 548 1188 et
566 1127 717 1188 montibus
739 1126 823 1208 lessi,
846 1135 1003 1206 postquam
1027 1145 1152 1207 campos

136 1214 384 1295 propinquabant,
394 1217 488 1294 copiis
497 1215 619 1276 Garenis
629 1215 839 1297 adiunguntur,
850 1218 1051 1294 tramissoque
1063 1235 1152 1279 amne

135 1304 219 1382 Tigri
246 1311 400 1382 permeant
422 1303 600 1385 Adiabenos,
629 1321 756 1384 quorum
779 1321 831 1364 rex
854 1303 947 1365 lzates
974 1306 1152 1366 societatem

136 1391 316 1453 Meherdatis
329 1391 425 1470 palam
438 1392 589 1475 induerat,
607 1395 638 1454 in
654 1392 799 1454 Gotarzen
811 1411 865 1472 per
880 1392 995 1454 occulta
1009 1400 1040 1452 et
1054 1397 1152 1473 magis

109 1496 122 1538 o
136 1481 193 1542 lida
207 1479 374 1542 inclinabat.
398 1481 450 1542 sed
465 1490 549 1560 capta
564 1483 736 1543 intransitu
750 1480 824 1542 urbs
833 1480 933 1561 Ninos,
947 1483 1153 1543 vetttstissima

136 1570 222 1631 sedes
241 1571 390 1650 Assyriae,
414 1577 445 1631 et
466 1569 618 1631 castellum
642 1571 757 1648 insigne
781 1569 869 1651 fama,
894 1569 972 1649 quod
995 1578 1152 1648 postremo

136 1660 215 1719 inter
229 1658 350 1719 Darium
369 1666 457 1736 atque
471 1658 669 1720 Alexandrum
687 1657 800 1737 proelio
819 1657 978 1719 Persarum
995 1657 1057 1719 illie
1075 1679 1152 1738 opes

137 1746 336 1807 conciderant.
359 1748 472 1811 interea
488 1746 627 1808 Gotarzes
642 1747 719 1825 apud
734 1754 874 1828 montem,
888 1750 937 1806 eui
951 1764 1061 1807 nomen
1077 1747 1152 1810 San·

136 1834 235 1913 bolos,
251 1843 318 1895 vota
332 1834 378 1895 dis
391 1833 449 1895 loci
463 1835 655 1916 suscipiebat,
670 1837 829 1914 praecipua
843 1834 985 1914 religione
999 1833 1152 1920 Herculis,

96 1939 121 1978 ιο
137 1926 188 2002 qui
201 1931 335 2001 tempore
350 1929 426 1982 stato
440 1941 495 2002 per
510 1925 640 2002 quietern
653 1931 754 1984 monet
764 1923 941 2002 sacerdotes,
951 1931 989 1984 ut
1002 1923 1153 2004 templum

135 2014 217 2072 iuxta
232 2028 324 2090 equos
339 2013 458 2072 venatui
468 2010 625 2073 adornatos
635 2013 748 2074 sistant.
768 2015 839 2092 eqni
848 2011 900 2073 ubi
913 2012 1070 2092 pharetras
1080 2014 1153 2076 telis

136 2106 258 2159 onustas
278 2115 432 2179 accepere,
451 2116 506 2178 per
526 2099 617 2160 saltus
636 2102 702 2179 vagi
720 2108 807 2163 nocte
827 2101 945 2163 demum
960 2103 1063 2162 vacuis
1077 2101 1152 2181 pha·

135 2189 225 2247 retris
238 2187 332 2247 multo
347 2204 414 2247 crum
429 2187 710 2250 anhelitu-redeunt.
738 2206 859 2250 rursum
874 2190 960 2270 deus,
979 2208 1038 2269 qua
1057 2190 1153 2253 silvas

134 2277 341 2355 pererraverit,
355 2283 502 2337 nocturno
512 2278 577 2338 visu
591 2277 783 2359 demonstrat,
797 2280 1050 2358 reperiunturque
1059 2279 1153 2342 lusae

95 2377 121 2419 nt
134 2366 246 2443 passim
262 2364 350 2424 ferae.

203 2450 252 2513 14.
277 2452 421 2515 ¹Getarum
448 2453 600 2535 Gotarzes,
629 2455 761 2517 nondum
787 2457 860 2519 satis
888 2462 975 2516 aucto
1002 2459 1152 2540 exercitu,

134 2542 255 2602 hunnine
266 2541 371 2602 Corma
381 2559 434 2619 pro
449 2545 634 2605 munimento
648 2547 701 2624 uti,
716 2552 746 2605 et
760 2561 938 2623 quamquam
951 2560 1006 2622 per
1020 2545 1152 2607 insecta-

127 2632 231 2692 tiones
246 2639 275 2691 et
289 2633 410 2690 nuntios
425 2630 460 2691 ad
479 2631 626 2710 proelium
643 2639 815 2717 uocaretur,
834 2640 954 2693 nectere
974 2649 1087 2714 moras,
1110 2635 1152 2695 lo·

135 2736 186 2778 cos
200 2726 315 2778 mutare
330 2726 360 2779 et
374 2721 472 2779 missis
487 2720 713 2800 corruptoribus
725 2720 890 2783 exuendam
900 2719 1035 2781 adlidem
1045 2720 1152 2784 hostes

108 2809 287 2866 temereari.
325 2825 360 2866 ex
384 2809 452 2886 quis
473 2807 565 2869 lzates
585 2809 748 2891 Adiabene,
771 2827 840 2869 mox
860 2807 993 2869 Acbarus
1016 2809 1152 2873 Arabum

135 2912 203 2956 cum
218 2896 350 2954 exercitu
365 2895 541 2978 abscedunt,
560 2897 678 2958 levitate
696 2896 813 2978 gentili,
834 2905 864 2958 et
878 2899 947 2978 quia
961 2899 1151 2976 experimen·

206 3046 251 3113 12,
271 3045 435 3117 ttAbgarus
464 3048 492 3103 R
492 3049 588 3119 polius
605 3065 639 3104 33
655 3051 774 3108 nummis
795 3056 821 3105 et
842 3050 945 3118 11133113,
972 3051 1096 3118 tafroc.
1119 3058 1153 3110 14

136 3119 212 3174 Med.
232 3118 353 3173 abbarua
370 3122 374 3186 1
390 3067 563 3178 advenerant
580 3119 631 3174 1111
632 3123 671 3175 133
686 3121 705 3189 1
708 3126 741 3181 16
758 3121 861 3189 petunt
877 3120 1004 3190 1313313133
1022 3120 1151 3206 petiuit}

135 3189 180 3254 13,
195 3197 211 3242 1
231 3205 311 3258 camp
313 3187 337 3242 is
356 3191 404 3257 al,
421 3196 453 3244 ut
474 3190 586 3246 Tacitus
603 3191 722 3258 1331311,
737 3195 781 3247 63.
798 3196 842 3262 15,
856 3195 893 3248 39
907 3198 953 3248 313
971 3194 1154 3258 tremente

136 3230 292 3384 lt’tlzabes
293 3207 484 3314 pFreinshet'm
512 3234 1076 3333 13133.Α3311320,2,3);13113133,
1107 3269 1155 3322 red

134 3265 1091 3456 31433313313331313131631ῗ11.1133133113331311333133.
1114 3341 1156 3407 (31

134 3347 250 3455 Arbella
277 3399 424 3455 eaeteMum
442 3341 1155 3482 3193133133,31131333(1331331311)1)13333331-

134 3487 206 3540 puae
222 3477 226 3530 t
241 3470 351 3524 herculi
367 3474 371 3538 1
389 3471 433 3537 14,
457 3480 473 3526 3
496 3470 642 3528 Adiabeno
660 3474 704 3530 Jo
723 3473 1157 3537 11311333333133333311333333

134 3540 309 3610 (Adiabenus
328 3557 378 3595 suo
397 3541 497 3612 Aruer)
