2408 3870
112 166 179 233 350
465 163 772 220 consummetur

70 329 99 369 eo
114 315 264 375 saevitiam
278 309 427 374 Neronis?
454 331 551 393 neque
570 311 649 374 aliud
669 331 827 392 superesse
848 322 918 393 post
930 323 1071 378 matrem
1086 319 1143 381 ire

114 411 248 482 tremque
263 402 450 482 interlectos,
465 420 551 481 quam
568 410 601 463 ut
615 402 783 463 educatoris
797 407 1076 485 praeceptorisque
1092 425 1142 468 ne

113 509 178 553 cem
192 491 330 552 adiceret.

179 577 229 641 63.
262 577 319 639 Ubi
341 578 414 639 baec
437 586 526 656 atque
550 578 616 638 talia
640 577 721 639 velut
743 581 951 641 incommune
976 580 1142 665 disseruit,

113 667 320 746 complectitur
335 685 471 746 risorem,
492 674 523 727 et
542 665 695 745 paululum
710 665 850 728 adversus
864 677 1065 747 praesentem
1081 673 1141 734 lor·

113 757 271 817 titudinem
289 754 420 816 mollitus
439 762 523 833 rogat
541 761 665 833 oratque
688 762 868 834 temperaret
885 755 986 818 dolori
1006 776 1071 821 neu
1093 778 1139 822 ee

114 852 232 906 ternum
246 845 424 923 susciperet,
441 843 493 902 sed
508 844 538 903 in
553 841 801 922 contemplatione
819 845 896 905 ritae
913 861 972 923 per
986 848 1139 910 virtutem

86 941 194 994 sactae
209 932 390 992 desiderium
405 932 504 992 mariti
518 931 635 993 solaciis
655 931 789 994 honestis
807 932 962 1003 toleraret
991 934 1047 997 illa
1066 955 1137 999 con-

112 1028 158 1081 tra
181 1020 239 1081 sibi
262 1036 380 1099 quoquc
408 1018 583 1081 destinatam
610 1028 737 1082 mortem
764 1020 917 1082 adseverat
945 1039 1137 1105 manumque

112 1110 298 1188 percussoris
313 1111 456 1187 exposcit.
484 1117 548 1170 tum
563 1108 675 1171 Seneca
695 1108 805 1188 gloriae
820 1111 885 1170 eius
899 1128 959 1171 nou
974 1111 1136 1196 adversus,

114 1197 201 1258 simul
222 1214 334 1277 amore,
354 1215 391 1257 ne
411 1198 468 1258 sibi
486 1198 573 1260 unice
592 1197 728 1259 dilectam
742 1197 779 1259 ad
793 1199 918 1259 iniurias
932 1197 1136 1284 relinqueret,

113 1280 212 1346 ‘vitae'
231 1287 329 1366 inquit
348 1282 556 1348 ‘delenimenta
573 1294 806 1348 monstraveram
820 1285 888 1366 tibi,
906 1294 939 1348 tu
954 1291 1069 1351 mortis
1084 1291 1134 1352 de·

72 1389 99 1429 1⁰
112 1392 166 1436 cus
180 1377 285 1437 mavis:
300 1393 360 1435 non
373 1374 511 1436 invidebo
524 1374 666 1454 exemplo.
695 1376 734 1436 sit
747 1375 838 1435 buius
852 1383 910 1436 tam
925 1375 1014 1437 lortis
1029 1381 1135 1442 exitus

112 1466 276 1526 constantia
290 1481 383 1544 penes
397 1471 540 1543 utrosque
554 1482 621 1544 par,
639 1462 825 1525 claritudinis
845 1463 914 1543 plus
931 1464 1032 1526 intuo
1049 1464 1134 1530 tine?

111 1560 179 1633 post
194 1571 269 1633 quae
283 1553 387 1613 eodem
400 1554 463 1614 ictu
477 1551 598 1614 brachia
612 1552 692 1612 icrro
711 1552 873 1614 exsolvunt.
903 1550 1031 1634 Seneca,
1056 1574 1133 1636 quo-

111 1644 191 1702 niam
205 1640 297 1702 senile
312 1659 422 1720 corpus
436 1649 466 1702 et
479 1658 569 1719 parco
584 1642 664 1701 victu
678 1647 833 1702 tenuatum
847 1640 926 1703 lenta
940 1640 1051 1721 effugia
1066 1661 1133 1707 sau·

112 1733 195 1809 guini
208 1728 376 1810 praebebat,
394 1746 517 1790 crurum
527 1747 644 1808 quoque
655 1736 685 1789 et
698 1728 843 1807 poplitum
856 1745 946 1790 renas
960 1728 1132 1814 abrumpit,

72 1833 97 1872 1⁵
112 1821 265 1898 saevisque
280 1817 463 1879 cruciatibus
477 1817 625 1899 defessus,
639 1835 677 1878 ne
691 1816 793 1878 dolore
807 1835 862 1878 suo
876 1818 1009 1879 animum
1023 1824 1132 1883 uxoris

111 1908 287 1987 infringeret
301 1914 388 1986 atque
403 1909 467 1985 ipse
483 1906 604 1966 visendo
619 1907 684 1966 eius
703 1914 849 1967 tormenta
863 1905 900 1967 ad
918 1907 1131 1985 inpatientiam

111 1995 313 2076 delaberetur,
336 1995 440 2056 suadet
458 1997 489 2054 in
508 1993 587 2055 aliud
614 1993 784 2055 cubiculum
810 1993 980 2056 abscedere.
1022 2004 1056 2058 et
1078 2016 1130 2059 no·

112 2086 232 2144 vissimo
252 2101 370 2162 quoque
388 2090 538 2144 momento
557 2083 764 2160 suppeditante
783 2081 952 2162 eloquentia
974 2084 1129 2148 advocatis

113 2172 309 2249 scriptoribus
323 2171 463 2249 pleraque
480 2169 614 2251 tradidit,
634 2173 753 2250 quaein
768 2170 873 2250 vulgus
887 2170 966 2232 edita
980 2173 1049 2234 eius
1064 2192 1128 2236 ver-

73 2275 98 2315 ao
112 2259 159 2320 bis
177 2261 325 2319 invertere
341 2258 530 2337 supersedeo.

179 2345 229 2409 64.
262 2348 299 2407 At
321 2346 399 2407 Nero
428 2346 509 2407 nullo
537 2349 568 2408 in
595 2347 746 2409 Paulinam
774 2350 896 2428 proprio
922 2347 1005 2430 odio,
1029 2366 1067 2412 ae
1091 2369 1128 2413 nc

111 2437 250 2517 glisceret
264 2436 373 2496 invidia
387 2435 584 2516 crudelitatis,
603 2439 685 2499 iubet
697 2435 827 2498 inhiberi
840 2443 975 2501 mortem.
1003 2436 1143 2501 hortan?

111 2527 192 2588 tibus
206 2525 350 2586 militibus
364 2526 443 2586 servi
456 2524 615 2605 libertique
625 2524 756 2605 obligant
765 2524 894 2607 brachia,
908 2533 1050 2605 premunt
1061 2545 1127 2590 san·

112 2617 240 2697 guinem,
254 2617 402 2675 incertum
416 2631 453 2674 an
468 2615 595 2692 ignarae.
623 2631 699 2693 nam,
713 2621 748 2674 ut
757 2622 802 2675 est
812 2613 917 2693 vulgus
927 2612 962 2674 ad
974 2612 1128 2677 deteriora

85 2712 295 2783 spromptum,
319 2720 379 2763 non
398 2701 519 2762 deluere
538 2704 590 2783 qui
609 2702 778 2782 crederent,
804 2701 899 2764 donec
916 2701 1127 2781 inplacabilem

112 2792 258 2852 Neronem
278 2792 424 2870 timuerit,
443 2790 549 2850 lamam
568 2792 695 2852 sociatae
714 2809 782 2851 cum
801 2793 907 2852 marito
925 2792 1031 2852 mortis
1049 2794 1127 2872 peti·

114 2881 203 2961 visse,
225 2878 331 2939 duodo
351 2877 448 2939 oblata
466 2880 584 2940 mitiore
598 2896 651 2958 spe
670 2879 879 2941 blandimentis
893 2880 969 2939 ritae
984 2880 1127 2962 erictom3

113 2971 162 3030 cui
183 2967 296 3028 addidit
313 2985 424 3046 paucos
442 2974 544 3046 postea
563 2985 669 3046 annos,
692 2966 832 3028 laudabili
853 2969 885 3029 in
904 2969 1045 3029 maritum
1065 2986 1127 3031 me

114 3059 206 3118 moria
230 3064 259 3117 et
278 3074 328 3116 ore
351 3074 386 3117 ac
408 3054 550 3116 membris
574 3057 605 3116 in
629 3073 696 3116 eum
712 3055 860 3134 ,pallorem
883 3053 1066 3137 albentibus,
1094 3065 1128 3119 ut

184 3226 230 3293 db,
251 3232 284 3282 10
310 3227 387 3298 post]
407 3243 491 3294 quem
516 3230 520 3296 t
544 3224 701 3294 fratresque
718 3225 878 3307 Nipperdey
902 3225 907 3296 Ι
929 3225 975 3292 tt,
995 3231 1010 3280 2
1030 3223 1128 3283 formi-

114 3297 208 3352 dinem
227 3299 263 3365 (a.
282 3295 478 3352 fortitudinem
496 3298 692 3367 interpretatur
710 3296 745 3350 A.
765 3297 851 3364 Greef
863 3312 904 3350 am
921 3295 1035 3350 Widers
1055 3297 1128 3353 ruoh

113 3368 167 3423 mit
185 3370 243 3437 etc.)
254 3369 297 3449 ,lt
317 3367 408 3424 dolori
425 3382 481 3422 neu
484 3369 550 3492 ἕνα
568 3373 648 3431 nors)
666 3365 813 3423 Heinsiuss
839 3366 965 3449 dolorem
987 3315 1128 3450 (dolorem

115 3442 168 3496 oet.
188 3453 329 3507 suec1pere
346 3439 390 3495 Jo.
411 3437 462 3495 Fr.
509 3440 649 3508 recoctus)
665 3440 670 3506 l
686 3442 720 3493 20
739 3437 902 3507 supersideo
918 3442 922 3507 Ι
938 3436 983 3505 di,
1002 3444 1019 3492 2
1046 3439 1129 3494 subet

114 3513 177 3568 cdd.
193 3509 328 3566 Heinsius
343 3510 348 3577 Ι
365 3509 561 3581 tpromptitsl
579 3516 594 3564 6
609 3507 684 3562 ieme
695 3508 870 3576 societatem,
889 3524 937 3564 em.
954 3508 1129 3566 Puteolanus
