2392 3876
268 189 316 244 AB
333 189 495 246 EXOESSU
512 190 670 247 AUGUSTI
686 190 733 273 VJ
753 197 866 248 28-31.
1000 190 1065 256 185

57 341 195 418 exigitur.
222 338 392 400 Gaetulicus
410 357 445 400 ea
462 346 638 418 tempestate
657 342 820 420 superioris
834 341 1007 402 Germaniae
1024 339 1065 401 le·

57 430 159 507 giones
182 426 305 488 curabat
329 429 496 507 mirumque
521 446 652 490 amorem
674 429 833 490 adsecutus
856 435 932 509 erat,
956 429 1065 490 effusae

57 515 243 596 clementiae,
261 515 396 577 modicus
415 518 571 577 severitate
590 524 620 578 et
638 519 772 596 proximo
788 535 906 597 quoque
920 519 1066 579 exercitui
1079 529 1106 569 1⁰

57 622 112 683 per
125 603 157 664 L:
172 604 336 682 Apronium
350 621 487 666 socerum
500 622 561 664 non
574 607 716 685 ingratus.
743 605 823 666 unde
837 606 913 666 lama
927 612 1066 666 constans

57 710 163 754 ausum
176 694 294 753 mittere
308 692 344 753 ad
359 691 513 754 Caesarem
530 692 653 774 litteras,
667 693 848 755 adfinitatem
862 692 920 754 sibi
932 711 1001 755 cum
1015 693 1067 753 Se·

57 784 125 843 iano
146 779 225 841 baud
244 788 359 860 sponte,
377 781 429 842 sed
449 780 572 841 consilio
592 781 704 843 Tiberii
722 787 870 862 coeptam3
891 782 1015 861 perinde
1034 799 1067 842 se

57 888 145 948 quam
154 868 308 929 Tiberium
318 868 379 929 falb
391 871 533 950 potuisse,
547 887 643 948 neque
658 888 791 931 errorem
804 869 931 931 eundem
945 869 989 930 illi
1002 871 1066 931 sine

57 956 175 1036 fraude,
188 956 254 1016 aliis
267 958 357 1017 exitio
370 955 547 1018 habendum.
576 957 634 1019 sibi
646 959 735 1020 fidem
749 961 895 1037 integram
909 965 948 1037 et,
962 960 987 1018 si
1001 956 1065 1018 nul·
1081 971 1106 1010 1⁵

57 1047 94 1106 lis
119 1045 235 1105 insidiis
259 1051 424 1125 peteretur,
452 1062 633 1127 mansuram3
661 1064 864 1108 successorem
892 1064 952 1107 non
981 1045 1066 1107 aliter

58 1151 146 1213 quam
164 1132 307 1193 indicium
326 1135 430 1193 mortis
449 1141 648 1212 accepturum.
684 1135 837 1196 firmarent
854 1133 935 1196 velut
953 1134 1066 1215 foedus,

58 1239 116 1301 quo
135 1223 275 1300 princeps
294 1227 460 1283 ceterarum
483 1238 586 1282 rerum
607 1230 774 1304 poteretur,
797 1225 861 1302 ipse
884 1224 1067 1302 provinciam

57 1312 208 1371 retineret.
244 1309 331 1389 baec,
353 1311 428 1370 mira
451 1327 641 1391 quamquam,
666 1310 754 1372 fidem
779 1329 815 1371 ex
840 1329 875 1372 eo
902 1310 1067 1390 trahebant,

58 1398 137 1477 quod
151 1415 230 1458 unus
244 1399 376 1457 omnium
391 1396 490 1458 Seiani
504 1398 645 1458 adfinium
658 1397 815 1459 incolumis
833 1397 983 1476 multaque
1003 1416 1067 1476 gra·
1081 1411 1108 1453 2⁰

58 1487 98 1546 tia
112 1487 229 1565 mansit,
242 1491 398 1563 reputante
412 1484 532 1545 Tiberio
546 1484 698 1564 publicum
712 1485 770 1547 sibi
783 1486 892 1565 odium,
906 1492 1067 1546 extremam

58 1580 185 1634 aetatem
197 1575 350 1650 magisque
364 1572 440 1633 lama
454 1591 540 1652 quam
555 1575 585 1633 vi
598 1581 677 1634 stare
691 1592 740 1635 res
754 1591 831 1635 suae.

124 1658 175 1722 31.
205 1659 236 1722 C.
255 1660 353 1721 Cestio
376 1659 413 1721 M.
433 1659 556 1722 Servilio
580 1661 752 1723 oonsulibus
774 1660 888 1723 nobiles
910 1660 1012 1743 Rarthi
1036 1664 1068 1723 in

58 1749 163 1812 urbem
186 1767 307 1828 venere,
331 1752 433 1828 ignaro
456 1767 526 1827 rege
549 1750 704 1811 Artabano.
746 1753 772 1812 is
795 1758 877 1812 metu
901 1749 1068 1811 Germanici

58 1839 135 1900 fidus
155 1838 307 1917 Romanis,
331 1836 493 1917 aequabilis
515 1840 546 1898 in
570 1856 652 1918 suos,
675 1856 744 1900 mox
767 1837 936 1919 superbiam
955 1841 986 1898 in
1004 1856 1068 1919 nos,

59 1929 208 1988 saevitiam
227 1928 258 1985 in
276 1925 434 2004 populares
453 1928 592 2008 sumpsit,
611 1927 705 1988 fretus
726 1926 825 2009 bellis,
844 1945 919 2006 quae
938 1927 1068 1988 secunda

58 2015 214 2077 adversum
234 2016 439 2075 circumiectas
462 2017 596 2076 nationes
620 2023 806 2097 exercuerat,
830 2023 860 2076 et
883 2023 1067 2077 senectutem
1094 2027 1110 2068 ⁵

58 2102 171 2164 Tiberii
188 2109 223 2163 ut
239 2105 384 2163 inermem
402 2102 568 2182 despiciens
586 2104 749 2183 avidusque
762 2105 931 2184 Armeniae,
950 2106 1000 2165 cui
1017 2104 1067 2165 de·

58 2192 160 2253 iuncto
179 2208 249 2270 rege
268 2191 387 2251 Artaxia
405 2192 535 2252 Arsacen
553 2191 716 2254 liberorum
734 2211 857 2254 suorum
875 2194 1068 2273 veterrimum

58 2281 203 2359 inposuit,
226 2279 323 2339 addita
343 2279 521 2340 contumelia
539 2288 569 2341 et
587 2283 699 2361 missis,
723 2283 775 2361 qui
793 2299 892 2360 gazam
911 2300 928 2341 a
946 2279 1067 2341 Vonone

59 2367 191 2429 relictam
212 2368 243 2426 in
259 2366 345 2427 Suria
359 2366 520 2447 Ciliciaque
539 2376 743 2449 reposcerent3
762 2368 851 2430 simul
868 2374 984 2430 veteres
998 2367 1067 2429 Per·

59 2474 159 2518 sarum
178 2473 211 2516 ac
230 2454 423 2516 Macedonum
442 2457 598 2536 terminos,
621 2474 712 2534 seque
735 2459 908 2518 invasurum
930 2469 1111 2534 possessam

58 2547 187 2624 primurn
207 2543 282 2623 Cyro
301 2551 331 2604 et
349 2550 417 2622 post
435 2542 599 2605 Alexandro
624 2563 678 2624 per
695 2544 943 2624 vaniloquentiam
963 2561 996 2604 ao
1010 2545 1067 2604 >mi-

57 2651 111 2694 nas
130 2631 263 2692 iaciebat.
292 2631 344 2691 sed
359 2629 476 2691 Parthis
494 2632 630 2692 mittendi
644 2639 775 2693 secretos
789 2634 910 2693 nuntios
925 2630 1068 2691 validissi-

58 2739 125 2782 mus
140 2727 243 2781 auctor
258 2720 313 2779 suit
329 2719 483 2799 Sinnaces,
502 2721 612 2798 insigni
630 2720 739 2780 familia
756 2739 790 2780 ac
809 2719 932 2799 perinde
952 2718 1067 2800 opibus,

58 2818 89 2871 et
102 2811 255 2889 proximus
270 2808 340 2868 buic
354 2807 455 2868 Abdus
469 2807 622 2886 ademptae
636 2807 791 2869 virilitatis.
820 2826 880 2869 non
894 2808 1067 2888 despectum

57 2898 88 2959 id
111 2897 189 2976 apud
213 2894 515 2976 barbaros‘ultroqne
539 2899 699 2974 potentiam
722 2895 818 2958 habet.
854 2898 876 2957 ii
899 2895 1020 2959 adscitis
1039 2903 1068 2958 et
1082 2909 1110 2951 1⁵

57 2986 123 3048 aliis
136 2984 330 3065 primoribus,
350 2986 418 3064 quia
432 2987 580 3045 neminem
599 2987 696 3064 gentis
710 2985 917 3046 Arsacidarum
936 3003 1068 3046 summae

57 3077 103 3137 rei
116 3077 260 3153 inponere
278 3079 429 3152 poterant,
447 3074 612 3135 interiectis
631 3072 667 3134 ab
681 3073 829 3135 Artabano
848 3073 999 3153 plerisque
1017 3080 1069 3135 aut

56 3164 190 3225 nondum
204 3159 327 3242 adultis,
346 3159 493 3222 Phraaten
511 3163 590 3240 regis
604 3161 739 3224 Phraatis
753 3162 846 3224 lilium
860 3161 951 3222 Roma
965 3177 1067 3239 posce·

128 3347 175 3453 ot,
195 3390 211 3441 5
230 3385 462 3453 execreuexatlo
484 3383 603 3438 inertem
628 3384 762 3440 Heinacus
786 3386 791 3452 Ι
813 3382 1069 3440 lvetusbissimum

55 3457 169 3596 ssgggst
187 3463 218 3511 11
238 3454 360 3525 primum
378 3456 450 3525 Cyro
463 3455 573 3510 Baiter:
592 3454 669 3524 ioyro
688 3454 770 3524 (Cyro
783 3454 947 3526 Beroaldus,
965 3455 1068 3524 acyno
