2408 3870
273 152 321 206 AB
340 151 501 208 Excusso
519 150 675 207 AUGUSTI
692 150 766 206 XIV.
787 156 901 207 53-56.
1024 151 1088 217 311

80 304 167 385 amici
181 303 310 380 quietem
325 318 491 380 reposcere.
514 301 571 361 boc
587 318 703 380 quoque
718 302 749 361 in
763 308 845 361 tuam
858 299 981 378 gloriam
995 301 1089 383 cedet,

81 391 131 451 eos
145 389 180 450 ad
197 408 310 450 summa
325 391 453 469 vexisse,
468 390 520 468 qui
534 396 564 449 et
577 388 692 449 modica
708 385 889 449 tolerarent?
1105 403 1131 444 15

147 475 198 540 55.
219 478 263 538 dd
285 497 359 557 quae
379 477 457 539 Nero
479 479 522 538 sic
545 478 638 538 terme
662 476 829 556 respondit:
850 473 944 556 ‘quod
968 478 1089 538 medita·

81 576 127 628 tae
151 568 277 627 orationi
294 574 363 627 tuae
382 568 481 627 statim
500 583 667 646 occurram,
690 566 720 626 id
743 568 872 644 primum
896 567 941 626 tui
957 568 1090 627 muneris

81 655 187 736 habeo,
207 657 259 734 qui
272 673 319 716 me
334 672 394 716 non
407 663 522 715 tantum
536 656 683 734 praevisa,
703 655 754 715 sed
774 653 872 716 subita
887 654 1026 733 expedire
1041 654 1091 715 do·

81 746 178 805 cuisti.
211 744 320 804 abavus
339 761 423 804 meus
441 744 593 822 Augustus
612 744 757 822 Agrippae
777 750 807 803 et
824 742 987 803 Maecenati
1005 747 1091 804 usur·

81 851 151 912 pare
175 835 268 894 otium
291 839 360 911 post
384 830 500 892 labores
526 834 686 912 concessit,
712 832 818 892 sedin
842 849 877 892 ea
899 833 962 910 ipse
986 839 1118 913 aetates

82 924 167 982 errius
186 923 346 981 auctoritas
365 927 501 981 tueretur
520 920 664 999 quidquid
678 919 750 981 illud
767 928 796 981 et
811 919 1026 1000 qualecumque
1040 923 1091 981 tri·

82 1008 209 1088 buisset3
228 1027 262 1069 ac
280 1016 379 1069 tamen
397 1016 539 1069 neutrum
557 1008 634 1069 datis
652 1027 668 1069 a
687 1027 719 1070 se
737 1011 877 1087 praemiis
897 1011 986 1070 exuit.
1014 1008 1092 1070 bello

82 1105 112 1158 et
130 1095 271 1176 periculis
289 1104 474 1179 meruerant3
491 1097 524 1158 in
542 1098 579 1157 iis
598 1098 676 1157 enim
694 1099 814 1158 iuventa
831 1098 957 1176 Augusti
978 1105 1093 1159 versata

82 1193 136 1246 est.
164 1203 219 1246 nec
238 1185 310 1246 mihi
328 1185 386 1246 tela
404 1192 434 1246 et
453 1203 557 1246 manus
571 1192 639 1247 tuae
654 1185 818 1246 defuissent
832 1188 863 1247 in
877 1189 967 1246 armis
982 1189 1092 1265 agenti:

83 1275 135 1336 sed
155 1274 233 1354 quod
251 1292 393 1352 praesens
411 1274 546 1335 condicio
562 1272 716 1355 poscebat,
735 1276 848 1335 ratione
867 1275 990 1335 consilio
1009 1292 1134 1353 prae-10

83 1365 177 1442 ceptis
192 1364 358 1443 pueritiam,
372 1362 442 1423 dein
455 1364 604 1424 iuventam
619 1380 716 1422 meam
729 1362 836 1423 fovisti.
865 1369 895 1422 et
909 1371 960 1423 tua
974 1363 1093 1441 quidem

83 1469 153 1529 erga
171 1469 218 1511 me
237 1469 374 1532 munera,
393 1451 464 1512 dum
483 1453 541 1512 vita
560 1457 709 1530 suppetet,
730 1457 849 1510 aeterna
868 1457 968 1511 erunt:
988 1469 1093 1529 quaea

83 1558 130 1601 mc
146 1539 249 1618 habes,
264 1539 344 1599 horti
358 1547 388 1599 et
402 1539 505 1601 faenus
520 1546 550 1600 et
564 1538 661 1618 villae,
681 1538 798 1599 casibus
813 1536 939 1599 obnoxia
953 1546 1031 1599 sunt,
1059 1558 1093 1600 ac

83 1628 153 1689 licet
178 1627 271 1688 multa
297 1627 463 1709 videantur,
490 1627 625 1707 plerique
648 1627 875 1706 haudquaquam
898 1627 1012 1688 artibus
1034 1630 1094 1688 tuis

83 1734 170 1795 pares
184 1716 270 1794 plura
285 1723 455 1778 tenuerunt.
486 1716 579 1795 pudet
592 1715 705 1776 referre
719 1715 873 1777 libertinos
878 1762 887 1796 ,
907 1717 958 1795 qui
972 1716 1094 1777 ditiores
1110 1731 1134 1772 15

84 1812 269 1883 spectantur:
297 1804 375 1865 unde
399 1807 488 1865 etiam
509 1804 583 1865 milri
606 1803 710 1865 rubori
733 1813 791 1885 est,
815 1804 893 1883 quod
916 1807 1095 1883 praecipuus

83 1896 206 1955 caritate
221 1893 353 1954 nondum
364 1911 470 1955 ¹omnes
484 1894 601 1954 fortuna
616 1892 775 1954 antecellis.

148 1979 200 2044 56.
215 1981 325 2043 Verum
339 1990 368 2042 et
382 1982 437 2043 tibi
451 1981 544 2043 valida
563 1989 643 2043 aetas
658 1982 808 2061 rebusque
823 1988 853 2042 et
867 1981 980 2042 lructui
992 2000 1095 2042 rerum

85 2071 250 2150 sufficiens,
269 2078 299 2132 et
312 2089 367 2132 nos
380 2073 475 2149 prima
490 2072 608 2149 imperii
622 2073 715 2150 spatia
734 2071 931 2151 ingredimur,
946 2071 1004 2130 nisi
1018 2069 1095 2130 torte

84 2168 135 2220 aut
162 2167 192 2221 tc
215 2158 331 2220 Vitellio
359 2167 405 2221 ter
432 2159 548 2221 consuli
573 2168 625 2220 aut
652 2178 700 2220 me
724 2158 845 2220 Claudio
868 2160 1036 2238 postponis,
1065 2167 1096 2219 et

85 2255 229 2325 quantum
253 2247 372 2309 Volusio
402 2248 488 2328 longa
517 2250 696 2327 parsimonia
729 2250 887 2327 quaesivit,
921 2254 1035 2308 tantum
1065 2250 1097 2307 in
1122 2246 1125 2255 '

10 2329 11 2334 ’
85 2340 115 2394 te
142 2353 208 2396 mea
235 2334 395 2396 liberalitas
423 2337 542 2415 explere
569 2354 628 2397 non
656 2344 762 2414 potest.
809 2339 894 2416 quin,
924 2339 950 2395 si
979 2353 1036 2414 qua
1065 2337 1123 2397 ina

85 2432 169 2502 parte
188 2420 336 2484 lubricum
360 2424 576 2486 adulescentiae
600 2432 718 2484 nostrae
742 2423 882 2504 declinat,
905 2442 1027 2484 revocas
1050 2432 1097 2483 or·

86 2519 247 2589 natumque
257 2513 349 2573 robur
359 2510 491 2572 subsidio
502 2513 655 2589 inpensius
665 2508 766 2590 regis?
785 2530 844 2572 non
859 2519 909 2571 tua
922 2511 1095 2591 moderatio,

86 2601 112 2659 si
130 2598 295 2660 reddideris
314 2601 482 2680 pecuniam,
506 2617 561 2659 nec
580 2601 677 2679 quieS,
701 2600 728 2659 si
745 2595 903 2677 reliqueris
922 2600 1097 2679 principem,

87 2687 137 2748 sed
148 2700 214 2748 mea
223 2689 353 2766 avaritia,
362 2704 445 2748 meae
454 2686 637 2748 crudelitatis
647 2693 745 2746 metus
755 2689 786 2768 in
797 2705 848 2746 ore
858 2688 991 2746 onmium
1001 2696 1097 2746 versa-

85 2775 175 2837 bitur.
204 2775 283 2854 quod
298 2778 324 2836 si
338 2777 463 2835 maxime
482 2776 664 2836 continentia
682 2781 733 2835 tua
749 2773 900 2854 laudetur,
920 2792 979 2834 non
998 2782 1138 2836 tamenn

87 2865 214 2943 sapienti
236 2865 300 2924 viro
324 2864 465 2925 decorum
488 2864 593 2942 luerit,
621 2862 700 2923 unde
724 2864 817 2922 amico
836 2862 986 2922 inlamiam
1004 2873 1097 2944 paret,

86 2953 156 3014 inde
174 2951 297 3032 gloriam
316 2951 374 3013 sibi
391 2947 546 3031 recipere?
578 2951 625 3011 his
640 2950 730 3012 adicit
744 2949 930 3029 complexum
945 2959 975 3011 et
988 2951 1099 3033 oscula,

158 3139 203 3208 54,
224 3146 258 3195 14
275 3155 421 3210 reposcere
442 3141 554 3209 accipet:
578 3137 747 3208 respondere
772 3139 921 3208 (repetere,
949 3153 1098 3204 resumere,

87 3212 226 3281 respicere
248 3216 295 3266 etc.
316 3212 367 3265 aiii
384 3212 485 3279 conice)
507 3217 511 3272 l
536 3216 568 3264 15
587 3207 714 3264 evexisse
732 3209 867 3263 Heinsius
892 3210 897 3278 Ι
919 3206 964 3275 55,
985 3215 999 3262 1
1023 3208 1099 3277 quod

87 3283 214 3351 Lepsios:
233 3284 263 3336 et
281 3280 357 3350 quod
375 3280 425 3349 (aiz
444 3280 520 3350 quod
538 3279 663 3361 Speopel)
679 3281 684 3350 Ι
700 3287 718 3336 4
736 3279 842 3334 abavus
861 3279 987 3348 Ia'psios:
1007 3295 1076 3333 auus
1094 3279 1096 3348 l

88 3358 104 3408 b
122 3351 184 3422 ipse
202 3354 345 3424 Apricoic:
365 3352 428 3421 ipsc
442 3350 509 3475 Ψ,
528 3357 544 3406 2
562 3350 639 3406 nim.
655 3349 790 3420 ,explere
808 3365 866 3404 non
889 3351 986 3420 potest
1005 3351 1100 3418 posuit

87 3423 248 3494 Nipperdey
262 3429 326 3491 post
343 3424 442 3476 antece
467 3420 489 3476 'a
519 3425 573 3491 (55,
593 3423 649 3492 17),
675 3427 708 3478 ut
729 3422 795 3477 olim
812 3419 929 3492 Spengel
950 3421 1073 3478 columct
1093 3421 1097 3493 l

88 3500 105 3549 3
124 3493 154 3548 et
171 3494 331 3550 Acidaliae:
351 3492 401 3547 sed
416 3495 422 3563 Ι
437 3499 454 3548 4
472 3491 502 3546 in
519 3507 564 3546 me
