2392 3876
265 624 589 746 conuunu
632 662 864 746 ructui

313 814 361 891 AB
383 812 550 884 excussu
570 814 647 884 Dllll
668 811 822 885 AUGUSTI

470 970 583 1026 LIBER
600 970 671 1024 XIII.

131 1117 156 1180 1.
178 1119 277 1180 Prima
296 1134 371 1179 novo
390 1121 559 1198 principatu
578 1137 659 1179 mors
678 1118 755 1180 lunii
775 1119 867 1181 Silani
886 1119 1072 1200 proconsulis

59 1210 147 1270 Asiae
161 1210 263 1287 ignaro
278 1206 395 1268 Nerone
410 1226 464 1286 per
479 1206 580 1267 dolum
594 1207 771 1286 Agrippinae
785 1216 915 1288 paratur,
930 1227 989 1269 non
1004 1210 1074 1286 quia

61 1299 173 1376 ingenii
182 1296 320 1362 violentia
331 1297 455 1356 exitium
469 1297 650 1375 inritaverat,
665 1297 765 1373 segnis
779 1303 809 1356 et
823 1295 1073 1357 dominationibus

60 1387 126 1446 aliis
145 1384 306 1464 fastiditus,
325 1384 397 1444 adeo
417 1391 451 1444 ut
469 1383 559 1444 Gaius
578 1383 684 1444 Caesar
702 1382 848 1462 pecudem
865 1401 985 1444 auream
1004 1401 1072 1443 eum

60 1473 209 1553 appellare
229 1472 334 1533 solitus
358 1474 409 1533 sit:
433 1490 536 1532 verum
554 1471 716 1552 Agrippina
735 1472 820 1532 lratri
838 1473 903 1532 eius
921 1471 961 1531 L..
974 1470 1072 1532 Silano
1101 1485 1114 1524 5

61 1580 165 1623 necem
184 1559 284 1620 molita
304 1559 430 1621 ultorem
453 1560 616 1641 metuebat,
639 1558 743 1621 crebra
762 1559 842 1638 vulgi
861 1561 936 1620 lama
955 1567 1073 1638 antepo-

60 1652 192 1711 nendum
212 1667 277 1710 esse
296 1649 417 1710 vixdum
434 1650 594 1728 pueritiam
612 1666 731 1727 egresso
746 1648 858 1709 Neroni
871 1655 902 1709 et
915 1650 1073 1727 imperIum

61 1757 115 1819 per
130 1737 228 1800 scelus
242 1736 348 1816 adepto
363 1740 460 1798 virum
474 1745 568 1798 aetate
583 1739 754 1817 composita,
769 1739 930 1817 insontem,
944 1737 1074 1798 nobilem

62 1836 105 1907 et,
129 1826 208 1907 quod
223 1834 294 1887 tunc
314 1834 513 1906 spectaretur,
533 1845 549 1886 e
568 1826 727 1887 Caesarum
745 1828 886 1904 posteris:
911 1827 1020 1904 quippe
1044 1834 1074 1886 et

62 1916 180 1977 Silanus
199 1914 259 1975 divi
277 1913 404 1992 Augusti
422 1914 553 1994 abnepos
572 1923 643 1976 erat.
671 1914 744 1974 haec
763 1932 851 1975 causa
870 1916 961 1974 neeis.
988 1915 1114 1974 mini-10

61 2008 116 2066 stri
131 2006 215 2065 luere
228 2003 261 2065 P.
277 2002 362 2064 Celer
377 2021 468 2082 eques
482 2003 632 2064 Romanus
647 2010 677 2063 et
690 2001 793 2063 Helius
812 2002 951 2083 libertus,
970 2005 1015 2063 rei
1034 2003 1074 2063 la·

59 2093 168 2154 mIliari
182 2093 325 2171 principis
339 2093 371 2152 ln
385 2092 453 2153 Asia
467 2094 606 2170 impositi.
630 2090 666 2152 ab
680 2091 727 2152 his
741 2091 914 2169 proconsuli
927 2108 1074 2151 venenum

61 2184 139 2241 inter
149 2179 251 2258 epulas
261 2179 363 2240 datum
373 2189 419 2240 est
433 2183 573 2261 apertius,
588 2198 676 2258 quam
691 2188 725 2241 ut
738 2179 882 2240 fallerent.
907 2197 961 2240 nec
976 2182 1074 2240 minus

61 2276 220 2348 properato
234 2267 391 2328 Narcissus
406 2268 518 2329 Claudii
533 2267 671 2347 libertus,
691 2268 727 2328 de
747 2270 832 2328 ouius
850 2270 955 2345 iurgiis
971 2269 1074 2328 adver·
1120 2286 1129 2319 c

62 2376 113 2418 sus
132 2357 325 2436 Agrippinam
348 2356 463 2436 rettuli,
487 2374 591 2434 aspera
614 2355 749 2418 custodia
772 2364 802 2416 et
825 2357 1002 2416 necessitate
1025 2373 1073 2415 ex·
1088 2367 1114 2408 15

61 2455 155 2507 trema
169 2446 206 2505 ad
220 2451 345 2504 mortem
360 2446 470 2523 agitur,
483 2445 575 2503 invito
588 2445 736 2524 principe,
755 2445 842 2503 cuius
856 2441 963 2503 abditis
978 2442 1074 2503 adhuc

62 2535 141 2593 vitiis
155 2550 210 2610 per
224 2532 374 2591 avarit1am
389 2549 422 2590 ac
436 2531 652 2609 prodigentiam
666 2532 741 2590 mire
756 2529 944 2608 congruebat.

129 2617 158 2680 2.
177 2620 337 2696 Ibaturque
355 2620 386 2678 in
402 2619 520 2698 caedes,
540 2620 597 2678 nisi
611 2618 749 2678 Afranius
763 2617 878 2679 Burrus
892 2625 923 2678 et
936 2618 1073 2679 Annaeus

61 2708 175 2769 Seneca
189 2707 304 2768 obviam
318 2708 420 2767 issent.
452 2707 483 2767 hi
502 2714 635 2767 rectores
653 2706 860 2785 imperatoriae
879 2709 1015 2768 iuventae
1035 2717 1073 2788 et,

61 2815 161 2858 rarum
185 2798 216 2856 in
239 2797 379 2857 societate
406 2799 569 2876 potentiae,
597 2795 774 2876 concordes,
802 2794 918 2855 diversa
945 2804 1008 2856 arte
1036 2814 1072 2856 ex

61 2904 156 2965 aequo
174 2883 337 2964 pollebant,
357 2884 471 2945 Burrus
490 2883 668 2946 militaribus
687 2886 768 2945 curis
788 2891 818 2944 et
836 2885 993 2945 severitate
1011 2902 1072 2944 mo·

60 2992 141 3056 rum,
170 2975 283 3035 Seneca
305 2976 471 3053 praeceptis
499 2974 685 3053 eloquentiae
713 2979 743 3034 et
770 2974 907 3034 comitate
938 2971 1071 3051 honesta,
1099 2985 1114 3039 5

132 3110 158 3178 1,
174 3116 189 3164 2
209 3108 340 3178 patratur
354 3107 527 3164 Freinsiee‘m
544 3110 604 3163 aine
621 3109 788 3175 necessitate3
807 3123 873 3161 nom
891 3107 932 3160 ait
947 3106 1072 3161 Tacitus:
1114 3155 1116 3161 ,

59 3180 152 3249 prima
170 3195 243 3235 novo
265 3177 427 3250 principatu
451 3179 566 3248 patrata
582 3194 658 3233 mors
677 3177 767 3232 Sileni
787 3192 839 3247 per
857 3175 953 3230 dolum
971 3175 1003 3230 A.
1022 3193 1072 3246 pa·

60 3252 159 3321 taturi
175 3258 190 3306 3
214 3248 334 3318 exitum,
361 3267 407 3304 em.
427 3250 580 3331 Agricola]
597 3257 629 3304 11
650 3247 730 3304 Celer
743 3249 870 3317 Lepsios:
889 3246 1017 3315 celerius,
1036 3249 1071 3314 cs.

60 3338 83 3377 e.
103 3324 139 3376 33
158 3325 163 3388 Ι
184 3321 273 3376 aelius
294 3323 298 3391 Ι
321 3319 469 3375 familiaris
491 3323 496 3390 Ι
520 3326 552 3374 12
572 3318 710 3390 mposiii*
730 3317 881 3389 (Inpositus
898 3318 1000 3386 Βίτων)
1016 3319 1021 3386 i
1039 3324 1072 3372 16

60 3390 186 3460 adigitur
204 3395 239 3448 ol.
257 3396 262 3455 Ι
277 3391 304 3458 2,
323 3398 338 3446 2
358 3392 381 3446 Ii
397 3395 401 3459 Ι
417 3398 433 3446 3
451 3407 546 3445 aarum
564 3389 594 3444 in
612 3407 633 3445 s.
650 3387 795 3460 potentiae
808 3389 954 3444 Boxhorn:
972 3405 1074 3460 parum

59 3463 89 3517 iu
108 3479 128 3516 s.
148 3463 278 3532 potentia
296 3463 326 3516 ei
341 3465 378 3533 ic
398 3463 499 3516 comite
