2392 3876
133 169 198 234 208
483 165 651 220 CORNELII
668 163 787 220 rhem

133 321 237 398 ignavo
255 317 385 394 principi
403 332 600 394 praegravem.
633 316 725 393 igitur
739 312 878 374 Claudius
897 313 970 373 adeo
991 332 1109 377 novam
1128 319 1159 378 in

93 420 119 461 15
134 406 305 467 Germanias
327 407 386 465 vim
409 402 575 483 prohibuit,
598 411 632 463 ut
655 403 763 463 relerri
780 401 925 481 praesidia
945 403 990 463 cis
1010 401 1159 466 Rhenum

134 494 260 556 iuberet.

200 579 251 644 20.
272 581 334 642 lam
352 588 448 641 castra
468 582 499 640 in
518 579 618 640 hostili
633 579 695 640 solo
709 578 843 639 molienti
856 578 1020 640 Corbuloni
1037 599 1096 643 eae
1111 582 1158 645 lit-

133 681 216 734 terae
234 670 409 730 redduntur.
437 667 485 729 ille
505 686 538 731 re
559 666 669 748 subita,
688 685 865 747 quamquam
884 667 977 728 multa
996 670 1094 730 simul
1114 672 1158 732 ol·

134 759 343 839 funderentur,
361 764 460 818 metus
479 774 515 816 cx
533 758 724 836 imperatore,
744 758 925 835 contemptio
945 774 982 816 ex
1001 756 1157 842 barbaris,

134 848 297 910 ludibrium
314 845 392 924 apud
412 846 521 925 socios,
540 844 614 905 nibil
631 843 710 906 aliud
730 843 903 923 prolocutus
923 863 1011 923 quarn
1033 842 1157 909 ‘beatos

107 936 283 1016 aqrrondam
301 934 392 995 duces
406 927 574 1013 Romanos’,
594 934 711 1011 signum
731 935 866 1013 receptui
880 933 969 995 dedit.
998 941 1034 994 ut
1050 943 1157 998 tamen

133 1025 219 1086 miles
238 1025 331 1084 otium
350 1029 485 1102 exueret,
503 1023 583 1083 inter
600 1020 712 1081 Mosam
730 1021 926 1100 Rhenumque
944 1022 1038 1082 trium
1050 1027 1094 1085 'et
1113 1027 1157 1086 vi-

135 1116 210 1193 ginti
228 1111 342 1173 milium
360 1112 454 1189 spatio
473 1110 582 1170 fossam
600 1110 752 1190 perduxit,
772 1127 829 1188 qua
848 1111 961 1171 incerta
975 1109 1094 1173 Oceani
1113 1117 1156 1175 vi-

134 1207 278 1262 tarentur.
315 1201 430 1276 insigne
447 1207 546 1260 tamen
564 1197 709 1276 triumphi
726 1197 850 1259 indulsit
868 1197 987 1279 Caesar,
1012 1205 1156 1278 quamvis

135 1288 245 1351 bellum
259 1290 434 1367 negavisset.
472 1340 474 1343 .

96 1393 121 1432 10
200 1376 261 1438 Nec
276 1376 368 1437 multo
382 1383 450 1454 post
464 1375 585 1436 Curtius
599 1375 694 1436 liuius
708 1374 836 1435 eundem
849 1373 994 1436 bonorem
1009 1376 1154 1456 adipisci·

134 1476 198 1547 tur,
217 1468 269 1544 qui
286 1468 318 1525 in
337 1482 407 1544 agro
420 1463 557 1525 Mattiaco
572 1463 734 1525 recluserat
749 1480 856 1542 specus
870 1463 1050 1542 quaerendis
1066 1470 1153 1528 venis

135 1556 264 1634 argenti3
278 1553 356 1614 unde
370 1555 469 1613 tenuis
483 1553 599 1614 fructus
613 1570 669 1613 nec
683 1554 714 1613 in
724 1551 845 1629 longum
854 1550 924 1612 tuit:
939 1558 969 1612 at
978 1551 1152 1630 legionibus

136 1662 204 1705 cum
222 1642 327 1703 damno
347 1641 442 1722 labor,
461 1641 589 1702 ellodere
607 1642 699 1719 rivos,
719 1658 853 1720 quaeque
871 1642 903 1701 in
921 1648 1024 1718 aperto
1038 1647 1152 1725 gravia,

134 1733 257 1793 humum
272 1731 348 1790 inira
362 1728 468 1790 moliri.
496 1731 563 1808 quis
578 1728 718 1790 subactus
732 1727 829 1810 miles,
850 1737 880 1789 et
893 1731 962 1808 quia
977 1728 1081 1808 plures
1095 1751 1152 1811 per

96 1835 121 1874 15
135 1821 302 1901 provincias
326 1817 432 1879 similia
455 1817 670 1899 tolerabantur,
698 1819 849 1896 componit
872 1817 1003 1879 occultas
1031 1817 1152 1881 litteras

135 1911 254 1970 nomine
269 1909 463 1988 exercituum,
477 1909 662 1985 precantium
672 1908 889 1986 imperatorem,
903 1914 945 1985 ut,
960 1906 1071 1986 quibus
1080 1926 1150 1987 per·

134 2000 282 2058 missurus
297 2003 376 2057 esset
390 1997 551 2074 exereitus,
565 1993 755 2073 triumphalia
769 2000 837 2054 ante
851 1993 1006 2056 tribueret.

202 2083 253 2146 21.
272 2084 314 2145 lle
329 2085 442 2162 origine
456 2082 552 2144 Curtii
565 2082 641 2162 nun,
656 2100 744 2161 quem
758 2081 919 2160 gladiatore
933 2085 1068 2162 genitum
1084 2088 1150 2165 qui·

136 2175 203 2235 dam
220 2173 393 2253 prodidere,
411 2188 508 2250 neque
527 2169 598 2231 lalsa
615 2172 813 2250 prompserim
827 2179 857 2231 et
871 2188 940 2232 vera
955 2175 1080 2252 exsequi
1092 2192 1147 2251 pu-

136 2263 194 2324 det.
226 2269 382 2342 postquam
401 2259 540 2340 adolevit,
559 2266 688 2321 sectator
706 2261 886 2339 quaestoris,
907 2262 957 2320 cui
976 2260 1074 2321 Alrica
1096 2261 1147 2322 ob-

137 2355 257 2429 tigerat,
281 2351 352 2410 dum
374 2351 405 2409 in
429 2348 537 2427 oppido
555 2347 717 2409 Adrumeto
740 2349 841 2408 vacuis
863 2366 918 2426 per
937 2349 1066 2411 medium
1084 2349 1144 2408 diei

111 2439 303 2519 cporticibus
322 2445 456 2499 secretus
470 2438 577 2518 agitat,
602 2435 698 2497 oblata
716 2438 744 2496 ei
762 2438 878 2515 species
895 2436 1049 2498 muliebris
1064 2435 1142 2496 ultra

136 2528 257 2589 modum
279 2527 442 2588 humanum
465 2535 495 2587 et
518 2526 616 2587 audita
639 2531 686 2586 est
707 2543 763 2585 vox
787 2521 836 2586 ‘tu
859 2543 904 2607 es,
927 2525 1016 2607 Ruie,
1041 2526 1145 2607 quiin

136 2616 212 2677 banc
237 2618 420 2695 provinciam
444 2613 640 2695 proconsule
664 2608 767 2675 venis?
813 2612 865 2674 tali
887 2616 985 2675 omine
1008 2617 1040 2675 iu
1063 2632 1147 2693 spem

137 2703 271 2763 sublatus
290 2704 508 2783 degressusque
526 2706 558 2764 in
576 2701 681 2765 urbem
694 2701 850 2781 largitione
864 2703 1040 2784 amicorum,
1059 2702 1148 2763 simul

137 2793 201 2852 acri
227 2793 346 2868 ingenio
374 2800 563 2871 quaesturam
586 2799 616 2851 et
637 2809 706 2851 mox
731 2789 846 2853 nobiles
870 2794 950 2853 inter
974 2791 1147 2853 candidatos

98 2894 123 2933 ιο
137 2886 306 2959 praeturam
324 2882 468 2959 principis
488 2880 627 2958 sullragio
650 2878 836 2961 adsequitur,
859 2899 927 2942 cum
946 2880 1028 2940 hisce
1047 2880 1147 2941 verbis

137 2967 274 3028 Tiberius
298 2966 427 3027 dedecus
450 2967 591 3028 natalium
614 2968 679 3028 eius
702 2966 871 3030 velavisset:
895 2964 1027 3029 ‘Curtius
1051 2968 1147 3029 Rulus

138 3057 255 3119 videtur
273 3055 346 3115 mihi
364 3073 400 3115 ex
419 3073 451 3116 se
471 3049 579 3117 natus'
610 3053 696 3134 longa
714 3063 782 3135 post
801 3056 875 3118 haec
894 3065 1025 3137 senecta,
1047 3064 1078 3118 et
1099 3057 1147 3117 ad·
1191 3059 1193 3073 '

138 3165 189 3207 ver
191 3163 242 3207 sus
256 3146 453 3222 superiorest
440 3146 521 3205 tristi
535 3143 700 3204 adulatione
701 3144 869 3225 adrogans
879 3145 1053 3226 minoribus
1067 3147 1113 3206 int
1101 3154 1148 3206 etr

209 3299 255 3366 20,
276 3303 291 3354 5
315 3298 457 3378 quondam
474 3297 602 3366 Lipsius:
626 3298 767 3381 quosdam
782 3301 787 3366 Ι
807 3303 822 3352 7
839 3296 940 3367 pduxit
955 3301 960 3368 Ι
975 3299 1147 3364 naberentur,
1178 3358 1185 3369 ,

139 3369 371 3426 emVertront'oa
386 3372 390 3442 Ι
406 3374 423 3423 8
440 3367 553 3438 insigne
575 3384 638 3423 noa.
663 3368 769 3439 insigni
791 3369 835 3436 (-
803 3368 894 3421 -nia
912 3385 980 3425 corr.
998 3387 1033 3424 m.
1052 3371 1092 3439 2),
1111 3370 1146 3437 cf.

138 3445 163 3506 4
178 3443 225 3506 23
239 3445 355 3510 32212,
369 3445 395 3508 3,
409 3443 496 3510 8113
516 3441 545 3493 et
562 3438 667 3507 fodere,
686 3457 733 3495 em.
753 3439 860 3494 Rem·
893 3455 985 3550 eqo
989 3438 1147 3495 ecfodere?

140 3483 202 3582 til,
213 3482 488 3581 adigress'usqueat.
506 3509 622 3580 turbam
596 3483 729 3562 ’¹¹⁷’in
738 3511 789 3550 Ξ
831 3541 843 3546 -·
1005 3511 1148 3581 ΜΞΜ.)
