2392 3876
312 197 368 252 'AB
386 195 547 253 EXCESSU
568 195 724 252 AUGUSTI
744 197 791 253 III.
811 204 887 254 a-t.
1068 199 1110 263 87

97 346 241 426 pellarent
259 349 397 426 versique
415 347 451 407 ad
470 347 583 408 caelum
604 365 638 406 ac
656 345 729 407 deos
747 348 892 425 integram
915 346 957 408 illi
976 346 1109 408 subolem
1124 363 1151 403 m

97 455 131 497 ac
146 438 336 515 superstitem
351 438 523 515 iniquorum
537 443 741 513 precarentur.

164 522 192 586 5.
214 524 311 587 Fuere
336 527 388 604 qui
410 523 523 602 publici
544 524 658 585 luneris
676 541 814 602 pompam
828 527 1017 602 requirerent
1031 544 1109 586 com-

96 621 294 693 pararentque
317 632 393 693 quae
416 615 447 673 in
470 613 599 673 Drusum
623 621 738 690 patrem
758 613 926 673 Germanici
948 613 1061 674 honora
1079 622 1109 675 et

96 703 250 780 magnilica
264 703 416 781 Augustus
430 701 558 762 iecisset.
586 704 684 780 ipsum
699 702 808 780 quippe
824 703 987 780 asperrimo
1002 702 1122 763 hiemis

95 790 233 852 Ticinum
254 809 350 870 usque
377 808 569 870 progressum
592 808 689 868 neque
712 789 920 850 abscedentem
943 808 960 850 a
983 809 1108 869 corpore

97 879 185 939 simul
204 881 309 940 urbem
327 882 497 960 intravisse;
516 879 711 940 circumfusas
726 878 803 939 lecto
818 877 1007 940 Claudiorum
1022 879 1135 940 lulio-s

96 986 224 1046 rumque
247 970 403 1048 imagines3
423 967 564 1029 delictum
586 970 617 1028 in
640 967 719 1048 foro,
741 967 892 1028 laudatum
915 985 969 1046 pro
993 970 1108 1049 rostriS,

96 1062 205 1116 cuncta
223 1075 239 1116 a
257 1056 418 1118 maioribus
436 1065 553 1136 reperta
573 1064 625 1117 aut
644 1074 719 1134 quae
737 1058 851 1134 posteri
869 1058 1037 1117 inuenerint
1058 1075 1108 1118 cu·

97 1144 219 1206 mulata:
239 1153 268 1206 at
283 1145 456 1206 Germanico
472 1164 508 1206 ne
521 1145 625 1206 solitos
640 1145 760 1223 quidem
775 1153 805 1205 et
819 1146 996 1224 cuicumque
1016 1144 1109 1205 nobili

95 1233 212 1294 debitos
235 1234 365 1296 honores
384 1237 553 1312 contigisse.
587 1251 659 1294 sane
677 1252 787 1312 corpus
805 1232 843 1294 ob
861 1233 1108 1312 longinquitatem

95 1325 237 1383 itinerum
251 1325 383 1384 externis
400 1325 491 1384 terris
510 1340 629 1402 quoquo
648 1323 734 1382 modo
754 1322 930 1383 crematum:
954 1322 1006 1383 sed
1026 1331 1107 1384 tanto
1122 1341 1148 1380 ιο

96 1411 182 1488 plura
197 1411 303 1471 decora
318 1430 386 1472 mox
400 1411 493 1471 tribui
506 1429 560 1488 par
578 1411 679 1489 luisse,
699 1419 808 1488 quanto
827 1413 922 1487 prima
941 1411 1002 1470 lors
1021 1428 1107 1489 nega·

97 1501 197 1558 visset.
224 1517 284 1558 uon
298 1499 429 1578 fratrem,
443 1501 502 1558 uisi
515 1501 604 1558 unius
619 1497 679 1558 diei
696 1501 750 1577 via,
773 1516 833 1557 non
851 1508 990 1575 patruum
1006 1498 1109 1558 saltem

97 1595 183 1664 porta
198 1595 285 1646 tenus
300 1586 427 1647 obvium.
463 1586 516 1646 ubi
534 1586 582 1646 illa
602 1594 736 1646 veterum
755 1587 904 1665 instituta,
927 1589 1109 1665 propositam

97 1682 163 1734 toro
179 1674 315 1754 effigiem,
337 1675 475 1735 meditata
490 1675 525 1736 ad
540 1677 713 1735 memoriam
727 1676 845 1734 virtutis
860 1677 990 1734 carmina
1005 1684 1034 1734 et
1048 1675 1108 1735 lau·

96 1763 241 1843 dationes,
256 1771 286 1824 et
299 1763 435 1824 lacrimas
449 1763 496 1824 vel
508 1763 620 1823 doloris
633 1759 839 1823 imitamenta?
1005 1829 1009 1835 ,
1123 1779 1149 1822 rs

165 1849 193 1912 6.
217 1851 348 1914 Gnarum
362 1853 391 1913 id
407 1852 526 1912 Tiberio
541 1853 610 1932 luit3
630 1859 722 1930 utque
738 1859 890 1930 premeret
904 1852 984 1930 vulgi
998 1871 1108 1912 sermo·
1159 1882 1164 1887 ·

96 1959 163 2020 nes,
184 1943 299 2001 monuit
321 1941 419 2002 edicto
442 1941 551 2001 multos
573 1939 744 2002 inlustrium
763 1939 961 2001 Romanorum
984 1939 1021 2000 ob
1043 1959 1108 2001 rem

95 2029 245 2108 publicam
260 2029 367 2110 obisse,
381 2032 530 2090 neminem
543 2037 604 2090 tam
615 2028 908 2107 llagrantidesiderio
917 2028 1108 2090 celebratum.

96 2118 186 2197 idque
201 2126 231 2179 et
244 2118 303 2178 sibi
317 2127 347 2179 et
361 2121 478 2179 cunctis
492 2120 656 2199 egregium,
679 2120 704 2178 si
723 2117 829 2178 modus
843 2117 1019 2178 adiceretur.
1047 2136 1107 2177 uon

96 2209 177 2269 euim
195 2207 298 2277 eadem
317 2207 423 2268 decora
442 2206 629 2286 principibus
647 2208 719 2266 viris
743 2214 773 2266 et
795 2207 967 2284 imperatori
989 2206 1135 2285 populo,5

96 2313 172 2374 quac
186 2296 311 2356 modicis
325 2296 462 2357 domibus
476 2304 528 2356 aut
541 2295 719 2357 civitatibus.
743 2297 916 2355 convenisse
930 2298 1045 2355 recenti
1058 2296 1108 2355 do·

96 2383 153 2443 lori
167 2383 280 2444 lactum
292 2392 325 2444 et
339 2403 375 2445 ex
394 2402 528 2444 maerore
546 2384 668 2463 solacia,
691 2383 744 2443 sed
764 2383 953 2444 referendum
972 2386 1029 2443 iam
1049 2386 1108 2444 ani·

97 2489 178 2532 mum
194 2472 229 2532 ad
242 2472 465 2554 firmitudinem,
482 2480 516 2533 ut
530 2473 678 2551 quondam
693 2472 778 2532 divus
792 2469 885 2532 lulius
900 2473 1006 2531 amissa
1022 2473 1109 2532 unica

96 2560 165 2640 lilia,
176 2568 213 2620 ut
227 2561 313 2621 divus
327 2561 478 2640 Augustus
498 2563 609 2638 ereptis
627 2560 785 2638 nepotibus
805 2559 1003 2620 abstruserint
1017 2562 1108 2620 tristi·

95 2650 177 2708 tiam.
205 2649 248 2708 nil
261 2666 337 2726 opus
350 2648 564 2710 vetustioribus
582 2649 732 2729 exemplis,
753 2650 892 2727 quotiens
911 2647 1038 2726 populus
1052 2648 1108 2708 llo·
1123 2666 1149 2707 ro

97 2753 203 2795 mantis
218 2735 316 2796 clades
331 2739 524 2817 exercituum,
537 2739 692 2798 interitum
704 2737 824 2818 ducum,
839 2736 972 2797 funditus
986 2739 1108 2798 amissas

98 2823 214 2884 nobiles
233 2823 357 2885 familias
376 2833 546 2886 constanter
561 2825 671 2886 tulerit.
704 2827 855 2904 principes
873 2825 1026 2906 mortales,
1045 2845 1115 2888 rem.

97 2911 248 2991 publicam
262 2920 412 2974 aeternam
426 2933 500 2975 esse.
528 2917 615 2993 proin
631 2922 801 2993 repeterent
814 2913 974 2995 sollemnia,
996 2923 1026 2976 et
1041 2918 1109 2994 quia

95 3001 236 3062 ludorum
251 3001 440 3081 Megalesium
459 3003 661 3083 spectaculum
681 3001 814 3084 suberat,
834 3005 922 3065 etiem
942 3004 1109 3082 voluptates

98 3098 294 3152 resumerent.
1123 3104 1149 3147 rs

165 3177 193 3240 i.
217 3178 293 3240 'lum
312 3189 401 3241 exuto
416 3183 529 3242 iustitio
544 3181 675 3242 reditum
688 3180 724 3242 ad
739 3182 849 3261 munia,
871 3188 901 3241 et
913 3180 1029 3241 Drusus
1044 3179 1109 3259 llly-

95 3269 176 3328 ricos
191 3268 227 3329 ad
241 3271 392 3330 exercitus
411 3271 564 3348 proiectus
578 3278 637 3351 est,
659 3270 767 3330 erectis
786 3271 918 3330 omnium
937 3271 1044 3328 animis
1056 3286 1110 3346 spe

168 3403 194 3470 ὅ,
214 3408 231 3458 6
249 3402 446 3472 Liviorumque
461 3405 576 3477 Lepsios
591 3408 595 3472 1
614 3411 645 3458 11
661 3404 773 3472 quando
789 3406 919 3458 Muretus
934 3405 938 3471 Ι
957 3409 988 3457 12
1007 3403 1108 3458 batres

95 3472 213 3599 mm
229 3479 232 3542 Ι
251 3480 282 3529 ta
297 3477 495 3545 praepositam,
510 3493 558 3531 ern.
571 3478 699 3531 Muretus
714 3478 719 3544 1
737 3476 761 3542 7,
777 3481 793 3529 2
809 3490 858 3543 spe
872 3475 982 3530 addidit
995 3475 1109 3530 Freins-
