2392 3876
137 160 202 226 284
488 157 658 214 CORNELII
674 157 793 215 udum

137 319 167 373 et
180 311 299 372 infamia
313 309 439 371 Neronis
453 310 539 369 anxia
553 308 683 370 delerret
697 307 902 387 pervulgatum
917 327 982 370 esse
1001 312 1148 372 incestum

137 400 281 478 gloriante
294 407 402 478 matre,
420 415 476 458 nec
491 395 669 459 toleraturos
684 395 792 458 milites
806 398 923 476 prolani
937 401 1084 478 principis
1098 403 1148 460 im·

96 506 123 546 ιο
135 491 261 568 perium.
288 487 398 548 Fabius
416 486 558 546 Rusticus
576 503 636 546 non
655 484 846 565 Agrippinae,
866 486 918 547 sed
937 485 1051 548 Neroni
1069 491 1150 568 cupi·

138 587 201 639 tum
215 577 245 638 id
259 583 404 638 memorat
414 574 606 652 eiusdemque
617 571 741 634 libertae
751 581 817 634 astu
827 574 992 636 disiectum.
1012 576 1067 637 sed
1076 595 1150 655 quae

137 666 272 745 Cluvius,
295 664 399 725 eadem
418 663 511 723 ceteri
533 679 651 742 quoque
672 670 809 723 auctores
829 663 1000 744 prodidere,
1022 672 1054 724 et
1076 667 1150 726 lama

137 756 196 816 buc
216 753 350 833 inclinat,
370 769 423 813 seu
442 751 579 829 concepit
597 751 694 810 animo
712 757 827 811 tantum
845 752 1027 813 inmanitatis
1047 752 1148 834 Agrip·

138 847 219 924 pina,
238 861 292 903 seu
310 838 481 901 credibilior
499 856 591 898 norae
610 837 742 900 libidinis
760 838 910 901 meditatio
924 842 956 900 in
970 858 1005 901 ea
1019 843 1085 902 visa
1098 850 1149 924 est,

98 948 213 1012 1oquae
228 927 411 1009 puellaribus
425 928 511 987 annis
525 933 662 1006 stuprum
672 945 739 988 cum
747 925 859 1006 Lepido
874 946 925 1006 spe
940 928 1152 992 dominationis

137 1021 307 1098 admiserat,
325 1018 392 1096 pari
409 1014 548 1095 cupidine
566 1033 662 1095 usque
681 1015 716 1076 ad
735 1014 818 1076 libita
837 1015 976 1077 Pallantis
995 1019 1149 1096 provoluta

137 1117 168 1170 et
181 1108 310 1169 exercita
324 1105 360 1166 ad
375 1122 462 1166 omne
475 1103 619 1183 llagitium
632 1106 732 1183 patrui
746 1106 865 1182 nuptiis.

204 1193 234 1258 3.
259 1194 354 1274 lgitur
374 1192 453 1254 Nero
479 1194 571 1253 vitare
592 1200 724 1253 secretos
745 1194 810 1253 eius
833 1210 1025 1275 congressus,
1051 1193 1150 1257 absce

137 1287 256 1348 dentem
279 1286 310 1345 in
331 1282 434 1348 hortos
457 1288 508 1343 aut
531 1279 730 1342 Tusculanum
754 1279 799 1341 vel
822 1280 969 1343 Antiatem
992 1283 1023 1343 iu
1048 1301 1149 1364 agrum

136 1375 267 1455 laudare,
282 1372 360 1452 quod
375 1373 468 1433 otium
483 1376 659 1449 capesseret.
687 1377 852 1450 postremo,
866 1368 1048 1450 ubicumque
1063 1371 1149 1434 habe·

138 1473 236 1544 retur,
255 1478 447 1542 praegravem
462 1466 544 1520 ratus
558 1458 727 1518 interlicere
742 1459 909 1541 constituit,
923 1457 1069 1522 hactenus
1084 1480 1149 1524 con·

111 1552 266 1633 ssultans,
287 1566 399 1610 veneno
420 1566 456 1608 an
478 1547 557 1607 ierro
578 1545 625 1606 vel
646 1564 703 1650 qua
722 1546 777 1607 alia
795 1547 832 1610 vi.
863 1547 1033 1627 placuitque
1052 1552 1151 1628 primo

138 1654 292 1702 venenum.
327 1637 379 1699 sed
401 1639 479 1697 iuter
498 1634 600 1738 epulas
620 1636 764 1715 principis
786 1637 811 1695 si
832 1635 966 1717 daretur,
987 1636 1098 1698 referri
1116 1637 1150 1699 ad

139 1748 240 1791 casum
261 1745 320 1789 non
341 1732 459 1806 poterat
478 1723 561 1786 tali
552 1741 611 1784 ram
631 1722 795 1784 Britannici
817 1726 920 1806 exiti03
944 1732 974 1786 et
996 1726 1151 1787 ministros

138 1826 283 1897 temptare
302 1814 429 1876 arduum
446 1810 601 1873 videbatur
619 1810 753 1873 mulieris
771 1829 829 1873 usu
847 1811 995 1874 scelerum
1008 1813 1152 1876 adversus

138 1907 261 1967 insidias
279 1906 424 1983 intentae,
443 1909 531 1980 atque
550 1902 613 1980 ipsa
627 1900 843 1978 praesumendo
857 1901 988 1961 remedia
1002 1906 1151 1964 munierat

99 2010 125 2050 ιο
139 2012 257 2073 corpus.
285 1992 399 2052 serrum
414 1997 444 2050 et
458 1988 563 2049 caedes
578 2006 706 2068 quonam
724 1988 812 2049 modo
831 1988 1045 2070 occultaretur,
1064 2009 1151 2053 nemo

139 2079 321 2160 reperiebat,
339 2086 369 2139 et
389 2095 425 2138 ne
446 2078 513 2156 quis
532 2075 574 2136 illi
593 2083 674 2137 tanto
688 2076 813 2137 iacioori
827 2076 960 2139 delectus
974 2079 1054 2140 iussa
1070 2098 1152 2159 sper·

139 2176 225 2229 neret
242 2166 422 2227 metuebant
449 2162 557 2226 obtulit
574 2164 726 2243 ingenium
744 2164 886 2226 Anicetus
903 2165 1042 2248 libertus,
1064 2168 1153 2230 classi

139 2256 217 2336 apud
236 2255 383 2315 Misenum
403 2252 572 2332 praelectus
592 2259 623 2313 et
643 2253 788 2331 pueritiae
806 2251 932 2315 Neronis
954 2254 1097 2317 educator
1118 2275 1152 2318 ac

139 2348 251 2406 mutuis
275 2344 351 2404 odiis
373 2341 583 2422 Agrippinae
574 2343 696 2402 inrisus.
734 2359 804 2422 ergo
828 2360 932 2404 navem
954 2361 1043 2422 posse
1072 2363 1152 2406 com·

100 2450 126 2490 ιι
140 2437 211 2515 poni
229 2433 330 2514 docet,
348 2433 434 2494 cuius
452 2447 521 2510 pars
540 2430 605 2509 ipso
624 2417 749 2493 inmari
767 2448 822 2510 per
840 2439 933 2491 artem
948 2431 1044 2493 soluta
1059 2434 1152 2495 ellun·

140 2523 242 2585 deret
212 2531 379 2627 tignaram:
393 2519 468 2581 nibil
481 2527 541 2580 tam
556 2537 647 2598 capax
662 2519 853 2581 fortuitorum
868 2537 956 2598 quam
970 2538 1066 2603 mare,
1082 2530 1112 2584 et
1126 2524 1152 2583 si

140 2632 198 2674 nau
200 2614 293 2691 iragio
312 2613 477 2689 intercepta
496 2610 548 2689 sit,
568 2626 655 2688 quem
674 2608 774 2669 adeo
766 2609 914 2688 miquum,
933 2617 967 2669 ut
981 2568 1089 2671 scele⁷ri
1103 2610 1151 2670 ad·

141 2703 246 2781 signet,
256 2699 336 2780 quod
345 2701 426 2760 venti
436 2697 583 2759 etlluctus
593 2694 793 2777 deliquerint?
807 2697 976 2758 additurum
985 2699 1152 2779 principem

140 2787 297 2848 deiunctae
312 2787 454 2866 templum
469 2793 500 2846 et
513 2803 579 2846 aras
593 2792 623 2846 et
637 2791 736 2846 cetera
750 2785 941 2847 ostentandae
954 2786 1066 2865 pietati.

207 2871 238 2934 4.
264 2874 378 2935 Placuit
396 2874 538 2954 sollertia,
560 2881 694 2953 tempore
713 2875 802 2935 etiam
823 2875 897 2956 iuta,
922 2874 1038 2954 quaudo
1060 2873 1151 2947 Quin-

143 2970 302 3044 quatruum
317 2961 408 3022 festos
422 2961 486 3022 dies
500 2960 577 3040 apud
592 2960 676 3022 Baias
695 2960 910 3041 frequentabat
937 2962 1007 3025 illuc
1026 2972 1152 3026 matrem

143 3052 236 3132 elicit,
255 3049 391 3112 serendas
409 3051 578 3129 parentium
596 3048 764 3110 iracundias
783 3058 813 3112 et
830 3050 1005 3131 placandum
1020 3054 1153 3114 animum

143 3142 296 3220 dictitans,
324 3156 382 3218 quo
401 3154 552 3199 rumorem
571 3137 820 3200 reconciliationis
839 3141 971 3205 efiiceret
991 3142 1152 3220 acciperet·

116 3243 201 3309 oque
220 3229 394 3309 Agrippina,
414 3224 493 3287 incili
511 3225 687 3287 laminarum
706 3226 881 3289 credulitate
902 3229 937 3288 ad
959 3228 1072 3307 gaudia.
1106 3247 1152 3290 ve·

214 3435 241 3502 2,
262 3440 294 3490 ta
322 3434 358 3490 M.
382 3432 488 3504 Lepido
514 3432 674 3506 Nipperdey
698 3436 703 3503 Ι
727 3433 753 3500 li,
778 3439 794 3488 8
820 3434 979 3515 capesseret
1004 3433 1152 3492 Heinsius.

94 3504 529 3576 ,lacesserebitpraegraue
548 3520 586 3558 a*
622 3504 652 3544 7’
652 3505 778 3548 *minem
801 3507 851 3546 1“1
874 3501 917 3550 tau
936 3505 1019 3559 ido·
1037 3503 1090 3552 illo.
