2392 3876
270 193 318 247 AB
337 191 497 248 EXCESSU
515 191 671 248 AUGUSTI
688 190 734 248 IV.
755 198 867 248 13-1r.
1004 192 1066 256 131

59 343 178 403 servitia
193 350 222 402 et
236 344 377 422 pecunias
392 341 552 402 familiares
566 341 698 402 dedisse:
718 340 796 420 quod
810 342 837 400 si
849 343 909 400 vim
922 340 1069 419 praetoris
1083 357 1110 396 ιο
1147 371 1149 375 s

58 439 232 511 usurpasset
242 430 437 510 manibusque
452 429 580 490 militum
594 447 667 490 usus
681 429 767 508 foret,
782 435 880 507 spreta
893 431 925 488 in
940 447 975 488 eo
988 446 1069 489 man·

58 522 125 581 data
140 538 206 581 sua:
220 520 356 581 audirent
371 521 476 580 socios.
500 520 541 579 ita
555 535 625 579 reus
639 519 757 596 cognito
773 519 890 596 negotio
905 517 1069 578 damnatur.

58 608 95 670 ob
118 622 206 688 quam
224 606 381 690 ultionem,
405 616 435 668 et
455 608 523 686 quia
541 609 640 685 priore
660 624 737 667 anno
755 607 787 666 in
806 604 836 666 C.
856 605 989 666 Silanum
1007 606 1070 666 riu·

57 697 188 758 dicatum
211 704 287 778 erat,
311 698 469 757 decrevere
488 695 573 756 Asiae
596 694 687 756 urbes
710 693 853 773 templum
871 692 991 754 Tiberio
1009 711 1069 753 ma·

57 789 156 866 trique
175 787 239 847 eius
259 803 293 847 ac
307 786 431 846 senatui.
459 791 489 844 et
502 786 681 864 permissum
695 790 839 864 statuere3
857 784 977 861 egitque
991 781 1069 842 Nero
1084 799 1110 840 15

57 883 156 954 grates
175 892 210 934 ea
228 891 317 935 causa
333 872 468 952 patribus
487 879 575 951 atque
593 890 660 954 avo,
678 871 769 933 laetas
787 873 868 932 inter
885 871 1069 932 audientium

59 964 254 1043 adfectiones,
282 963 335 1041 qui
361 963 475 1021 recenti
502 962 643 1021 memoria
666 960 834 1021 Germanici
860 958 944 1020 illum
967 960 1069 1040 aspici,

59 1051 144 1111 illum
163 1048 259 1110 audiri
277 1049 427 1111 rebantur.
455 1048 636 1129 aderantque
655 1051 755 1111 iuveni
768 1047 912 1108 modestia
926 1065 959 1107 ac
974 1047 1069 1107 forma

58 1141 193 1217 principe
209 1140 270 1198 viro
285 1138 384 1218 digna,
403 1141 482 1198 notis
501 1140 532 1197 in
551 1156 619 1198 eum
634 1137 733 1198 Seiani
752 1136 827 1196 odiis
846 1136 884 1197 ob
902 1135 1069 1214 perieulum

58 1230 194 1307 gratiora.
1082 1242 1108 1282 so

127 1313 176 1376 16.
200 1315 263 1375 Sub
286 1315 506 1393 idem-tempus
529 1314 566 1374 de
589 1313 706 1373 flamine
726 1312 800 1372 Diali
817 1315 849 1372 in
867 1311 965 1373 locum
984 1311 1069 1373 Serri

59 1403 271 1480 Maluginensis
290 1403 424 1463 defuncti
441 1401 579 1481 legendo,
598 1401 686 1462 simul
700 1400 828 1479 roganda
842 1418 917 1468 nova
930 1399 994 1479 lege
1009 1400 1070 1461 dis-

60 1494 155 1552 seruit
169 1490 284 1551 Caesar.
317 1508 384 1549 nam
403 1491 546 1568 patricios
560 1489 753 1550 confarreatis
767 1487 940 1566 parentibus
954 1489 1069 1563 genitos

59 1589 122 1641 tres
141 1578 228 1639 simul
247 1579 406 1657 nominari,
424 1595 460 1637 ex
481 1580 547 1656 quis
566 1595 644 1637 uuus
662 1576 824 1657 legeretur,
843 1583 959 1637 vetusto
973 1594 1070 1656 more3

59 1687 157 1748 neque
172 1666 287 1747 adesse,
309 1675 342 1727 ut
356 1665 440 1746 olim,
455 1684 520 1726 eam
535 1668 662 1747 copiam,
678 1667 786 1726 omissa
800 1662 1005 1725 confarreandi
1020 1664 1068 1724 ad·
1083 1683 1096 1723 a

59 1754 217 1818 suetudine
232 1763 282 1815 aut
301 1756 379 1815 inter
397 1772 507 1834 paucos
526 1761 654 1815 retenta:
673 1747 848 1838 (pluresque
863 1755 928 1814 eius
942 1754 987 1812 rei
1000 1771 1069 1813 cau-

59 1864 107 1906 sas
131 1844 295 1924 adferebat,
318 1844 502 1923 potissimam
520 1860 613 1923 penes
631 1844 776 1903 incuriam
795 1844 926 1903 virorum
948 1843 1069 1902 femina-

58 1951 198 2013 rumque3
216 1932 357 1993 accedere
372 1935 466 2010 ipsius
480 1934 675 1993 caerimoniae
689 1931 891 2012 difficultates,
910 1948 985 2010 quae
1000 1948 1068 1991 con·
1141 1960 1142 1965 κ

59 2023 135 2083 sulto
151 2014 329 2104 vitarentur)
344 2028 375 2082 et
393 2021 470 2100 quod
490 2023 585 2082 exiret
603 2039 619 2081 e
637 2023 702 2082 iure
721 2022 831 2101 patrio,
851 2013 949 2099 quiid
968 2018 1068 2080 flamo-

59 2114 143 2171 nium
158 2112 342 2189 apisceretur
356 2127 491 2190 quaeque
505 2112 536 2171 in
550 2127 670 2171 manum
683 2109 810 2169 flaminis
825 2110 1004 2169 conveniret.
1028 2110 1068 2168 ita
1084 2127 1109 2166 ιο

60 2198 237 2259 medendum
251 2205 372 2259 senatus
386 2198 506 2259 decreto
521 2207 572 2260 aut
584 2198 658 2279 lege,
673 2197 910 2276 sicuttugustus
925 2197 1069 2276 quaedam

60 2305 95 2348 ex
110 2287 230 2346 horrida
242 2286 293 2347 illa
305 2289 480 2365 antiquitate
495 2287 530 2347 ad
544 2294 732 2366 praesentem
746 2304 834 2347 usum
848 2285 986 2347 flexisset.
1015 2287 1068 2363 igi·

59 2384 109 2437 tur
128 2376 261 2437 tractatis
279 2375 473 2454 religionibus
497 2375 637 2454 placitum
661 2377 797 2435 instituto
819 2373 972 2435 flaminum
995 2373 1070 2433 nihil

59 2465 219 2525 demutari:
238 2463 290 2524 sed
309 2462 366 2524 lata
384 2463 444 2544 lex,
465 2481 521 2542 qua
540 2463 685 2523 flaminica
700 2462 789 2523 Dialis
809 2480 962 2523 sacrorum
981 2479 1069 2521 causa

59 2556 89 2613 iu
113 2558 259 2631 potestate
282 2554 351 2631 viri,
379 2558 477 2611 cetera
500 2553 649 2630 promisco
672 2551 848 2611 feminarum
871 2552 936 2610 iure
959 2556 1069 2626 ageret.
1085 2566 1110 2607 15

60 2649 89 2701 et
100 2639 178 2700 filius
188 2638 399 2715 Maluginensis
413 2641 492 2716 patri
506 2640 656 2699 suffectus.
680 2647 773 2717 utque
787 2637 926 2717 glisceret
940 2636 1071 2715 dignatio

60 2725 249 2787 sacerdotum
267 2734 355 2804 atque
374 2728 447 2803 ipsis
465 2728 631 2805 promptior
644 2728 760 2787 animus
773 2728 850 2786 foret
864 2724 900 2785 ad
914 2743 1070 2805 capessen-

61 2816 113 2875 das
128 2815 334 2894 caerimonias,
353 2815 506 2874 decretum
520 2814 672 2875 Corneliae
691 2816 810 2895 virgini,
830 2816 952 2894 quaein
971 2814 1070 2876 locum

61 2905 199 2964 Scantiae
213 2901 397 2984 capiebatur,
419 2905 590 2964 sestertium
603 2906 729 2984 viciens,
743 2911 773 2963 et
787 2904 1070 2983 quotiens-Augusta

59 2993 210 3071 theatrum
225 2993 392 3071 introisset,
407 3000 440 3052 ut
454 2991 539 3053 sedes
553 2995 632 3053 inter
646 2991 806 3052 Vestalium
821 2992 997 3054 consideret.
1083 3007 1110 3048 ao
1129 2995 1135 3006 '

128 3078 178 3141 17.
204 3079 339 3141 Cornelio
359 3079 487 3159 Cethego
506 3081 624 3141 Visellio
644 3080 774 3142 Varrone
799 3081 971 3142 consulibus
996 3097 1069 3159 pon-

59 3170 154 3231 tifices
171 3186 334 3249 eorumque
349 3169 482 3247 exemplo
497 3172 590 3231 ceteri
604 3170 782 3252 sacerdotes,
796 3189 864 3232 cum
882 3188 937 3248 pro
955 3167 1069 3228 incolu-

134 3322 178 3389 16,
197 3326 213 3376 8
233 3321 379 3377 accederet
395 3327 399 3389 Ι
416 3329 431 3376 9
446 3330 510 3393 post
532 3321 688 3377 vitarentur
710 3323 808 3394 Lipsio
833 3322 966 3392 quaedam
983 3322 1071 3375 deesse

57 3393 231 3460 videbantur,
251 3399 281 3448 ai
297 3410 321 3448 v.
343 3395 486 3465 Madvigii
502 3394 615 3451 Adsero.
635 3395 732 3450 critica
750 3393 798 3460 II,
813 3397 867 3447 546
882 3395 887 3460 1
903 3391 978 3459 quod
998 3390 1069 3446 Rbe-

58 3480 163 3520 baaus:
189 3479 245 3532 quo
269 3466 275 3534 Ι
298 3462 454 3518 flaminium
473 3465 546 3521 Med.
567 3481 645 3534 corr,
673 3466 707 3533 ef.
727 3468 772 3533 13,
790 3467 809 3519 2
827 3470 852 3519 ei
870 3463 1019 3518 Mommsen
1037 3465 1069 3518 in

58 3534 169 3604 ΕΜ·
189 3536 272 3606 aiu·
291 3534 318 3602 Ι,
336 3538 397 3592 222

817 3623 854 3678 9*
