2392 3876
285 183 332 236 AB
351 182 512 238 excussu
530 182 686 238 AUGUSTI
702 182 748 239 vt.
768 189 881 239 ae-ta
1017 185 1079 251 191

138 329 190 399 41.
214 332 271 393 Per
293 333 373 393 idem
390 340 508 410 tempus
527 331 668 392 Clitarum
687 333 767 394 natio
786 331 952 411 Cappadoci
972 331 1080 393 Arche·

71 422 117 481 lao
128 420 269 500 subiecta,
285 423 353 500 quia
363 428 497 481 nostrum
512 422 543 480 in
557 419 677 480 modum
692 421 809 481 deferre
824 439 940 502 census,
954 423 1015 499 pati
1028 422 1081 482 tri·

72 511 143 571 buta
161 509 346 590 adigebatur,
364 510 395 570 in
413 511 482 587 iuga
497 508 587 569 Tauri
604 510 714 569 montis
731 507 875 571 abscessit
888 508 1080 590 locorumque

72 599 190 678 ingenio
209 615 274 659 sese
295 605 397 658 contra
416 595 550 658 imbelles
573 599 652 675 regis
675 599 774 677 copias
797 597 962 679 tutabatur,
986 598 1080 659 donec

72 687 110 747 M.
130 685 295 747 Trebellius
318 685 445 765 legatus,
468 702 485 746 a
503 684 618 746 Vitellio
637 685 772 765 praeside
788 685 891 747 Suriae
911 704 979 747 cum
998 693 1107 765 quat-5

71 785 141 836 tuor
158 774 279 836 milibus
298 774 527 852 legionariorum
546 781 576 834 et
594 772 716 834 delectis
735 774 851 835 auxiliis
868 776 987 855 missus,
1006 775 1081 836 duos

71 863 168 944 collis,
188 881 264 943 quos
284 861 404 924 barbari
421 862 592 923 insederant
609 856 733 943 (minori
747 861 852 943 Cadra,
871 862 957 923 alteri
970 863 1082 924 Davara
1107 901 1110 905 -

71 970 179 1013 nomen
198 947 271 1032 est),
290 950 431 1031 operibus
449 949 645 1011 circumdedit
663 958 693 1012 et
711 968 868 1030 erumpere
886 968 973 1013 ausos
992 951 1081 1030 lerro,

71 1049 188 1102 ceteros
202 1042 252 1101 siti
266 1039 302 1100 ad
317 1039 497 1100 deditionem
511 1040 615 1118 coegit.

138 1129 176 1190 At
185 1128 332 1189 Tiridates
348 1121 513 1198 volentibus
523 1125 639 1199 Parthis
648 1126 860 1206 Nicephorium
874 1136 905 1189 et
918 1128 1079 1192 Anthemu·
1094 1143 1120 1185 ro

72 1217 152 1278 siada
170 1225 343 1296 ceterasque
363 1213 466 1295 urbes,
490 1233 564 1294 quae
583 1214 792 1276 Macedonibus
811 1218 884 1277 sitae
903 1214 1014 1279 Graeca
1033 1236 1084 1280 vos

72 1305 175 1366 cabula
198 1312 356 1385 usurpant,
379 1302 545 1382 Halumque
569 1310 599 1363 et
621 1303 793 1364 Artemitam
816 1303 951 1365 Parthica
974 1306 1082 1385 oppida

73 1395 195 1474 recepit,
208 1393 391 1454 certantibus
406 1391 512 1470 gaudio
528 1393 580 1471 qui
588 1389 770 1452 Artabanum
780 1390 904 1471 Scythas
918 1395 996 1454 inter
1010 1395 1081 1456 edu·

74 1490 155 1543 ctum
173 1480 211 1542 ob
230 1483 380 1543 saevitiam
399 1482 544 1541 exsecrati
558 1497 641 1540 come
655 1479 795 1539 Tiridatis
810 1482 961 1558 ingenium
976 1481 1079 1543 Roma·
1178 1485 1181 1490 '

73 1588 126 1630 nas
139 1588 194 1648 per
208 1577 287 1631 artes
300 1568 466 1649 sperabant.
650 1579 651 1583 ’
1094 1583 1119 1624 rs

138 1656 191 1720 42.
214 1657 378 1719 Plurimum
401 1657 576 1718 adulationis
601 1656 794 1717 Seleucenses
817 1657 954 1737 iuduere,
977 1659 1080 1719 civitas

71 1756 190 1829 potens,
210 1754 309 1827 saepta
328 1747 422 1808 muris
441 1763 537 1824 neque
551 1746 582 1805 in
597 1743 756 1806 barbarum
769 1752 922 1825 corrupta,
941 1747 992 1807 sed
1012 1765 1080 1807 con·

72 1836 176 1897 diteris
191 1834 309 1896 Seleuci
323 1836 463 1896 retinens.
491 1834 619 1894 trecenti
632 1833 738 1913 opibus
752 1841 803 1895 aut
817 1835 960 1912 sapientia
974 1834 1082 1896 delecti

72 1932 106 1985 ut
130 1932 262 2003 senatus,
287 1941 339 1983 sua
361 1922 470 2002 populo
494 1923 546 1983 ris.
583 1929 613 1982 et
636 1923 773 2002 quotiens
796 1922 958 1983 concordes
981 1931 1082 2005 agunt,

72 2015 224 2092 spernitur
238 2011 378 2072 Parthus:
397 2010 450 2072 ubi
468 2010 648 2092 dissensere,
666 2010 737 2071 dum
756 2009 813 2071 sibi
832 2013 958 2090 quisque
977 2019 1107 2073 conuaa

73 2101 203 2162 aemulos
222 2099 388 2161 subsidium
406 2107 524 2180 vocant,
542 2100 654 2161 accitus
672 2101 704 2159 in
722 2106 836 2177 partem
850 2099 1007 2161 adversum
1021 2118 1082 2162 otn-
1105 2135 1108 2140 ·

72 2208 125 2250 nes
154 2189 283 2250 valescit.
320 2187 351 2250 id
378 2205 474 2267 nuper
501 2187 648 2249 acciderat
671 2187 819 2249 Artabano
847 2196 1001 2270 regnante,
1030 2191 1082 2269 qui

72 2278 189 2357 plebem
202 2274 383 2356 primoribus
396 2276 517 2337 tradidit
531 2294 566 2336 ex
582 2293 636 2336 suo
650 2293 720 2337 usu:
734 2294 802 2337 nam
811 2276 914 2355 populi
923 2278 1081 2356 imperium

72 2370 153 2428 iuxta
167 2366 347 2446 libertatem,
365 2382 528 2443 paucorum
543 2364 702 2425 dominatio
717 2365 815 2443 regiae
830 2363 946 2425 libidini
959 2367 1081 2444 propior

72 2463 126 2516 est.
149 2463 213 2516 tum
226 2454 432 2515 adventantem
441 2452 593 2513 Tiridaten
607 2450 751 2513 extollunt
764 2460 897 2513 veterum
911 2470 1015 2531 regum
1029 2452 1080 2513 ho·
1096 2467 1121 2507 ro

72 2543 196 2604 neribus
214 2550 245 2604 et
264 2559 338 2621 quos
357 2559 463 2603 recens
482 2548 562 2602 aetas
581 2539 692 2618 largius
713 2541 838 2621 invenit3
862 2540 950 2601 simul
972 2539 1081 2618 probra

71 2634 103 2691 in
117 2630 298 2693 Artabanum
317 2628 491 2708 tundebant,
510 2637 643 2689 materna
662 2628 776 2705 origine
789 2626 963 2708 Arsaciden,
982 2636 1081 2690 cetera

72 2721 257 2798 degenerem.
298 2717 444 2779 Tiridates
472 2735 535 2778 rem
559 2715 766 2777 Seleucensem
795 2714 904 2794 populo
927 2717 1080 2796 permittit.

72 2826 140 2869 mox
167 2808 351 2888 consultans,
385 2824 511 2886 quonam
539 2805 586 2866 die
610 2803 761 2864 sollemnia
788 2806 873 2882 regni
903 2813 1081 2887 capesseret,

71 2897 185 2958 litteras
192 2896 327 2956 Phraatis
341 2904 371 2957 et
384 2895 530 2974 Hieronis
545 2896 596 2973 qui
610 2893 802 2973 validissimas
816 2894 1017 2971 praefecturas
1031 2912 1080 2973 op·
1096 2908 1120 2948 1⁵

71 2984 218 3067 tinebant,
241 2986 361 3065 accipit,
384 2982 505 3063 brevem
524 3000 636 3043 moram
654 2983 848 3060 precantium.
881 2981 1080 3062 placitumque

71 3076 203 3153 opperiri
222 3075 302 3134 viros
320 3071 541 3153 praepollentis,
566 3078 654 3150 atque
676 3072 795 3131 iuterim
815 3069 975 3150 Ctesiphon
994 3071 1080 3131 sedes

71 3165 190 3241 imperii
203 3164 309 3242 petita:
323 3160 375 3222 sed
390 3160 442 3220 ubi
456 3160 533 3220 diem
548 3177 584 3220 ex
599 3158 646 3219 die
660 3156 853 3239 prolatabant,
866 3159 967 3219 murltis
981 3175 1080 3218 coram

141 3387 186 3453 41,
203 3393 217 3440 1
233 3386 369 3441 Clitarum
383 3385 510 3453 Lipsius:
530 3382 666 3438 cistarum
681 3382 686 3450 1
703 3388 719 3436 6
733 3383 797 3448 fort.
813 3380 924 3434 dilectis
939 3383 945 3449 1
962 3386 994 3434 11
1007 3395 1079 3449 quae

71 3473 89 3510 a
107 3457 143 3510 Μ.
164 3457 304 3524 Faernus,
332 3461 364 3512 et
386 3461 424 3510 eat
443 3459 468 3522 3,
487 3457 533 3522 38,
552 3456 590 3508 20
606 3455 610 3521 Ι
628 3459 660 3508 13
680 3467 747 3506 arca
763 3451 868 3505 benum
883 3455 887 3520 1
903 3450 950 3519 42,
969 3456 985 3506 t
1005 3466 1079 3520 sper-

70 3527 147 3582 nitur
166 3528 328 3584 Rbeoooos:
348 3527 515 3596 spernuntur
