2392 3876
284 225 332 280 AB
350 223 513 281 EXGESSU
529 223 690 282 AUGUSTI
708 225 742 282 11.
762 230 876 283 36-39.
1037 226 1078 292 61

72 379 186 456 privata
200 375 319 454 negotia
332 381 363 435 et
376 391 427 435 res
440 373 598 435 familiares
617 381 735 435 nostras
753 373 803 437 bic
821 391 994 455 augeamus,
1013 391 1081 436 eum

73 464 182 526 invidia
191 471 312 525 senatus
321 470 352 523 et
360 463 538 542 principum,
557 462 618 523 sive
633 461 811 524 indulserint
825 461 1011 540 largitionem
1020 465 1081 524 siue

73 553 238 615 abnuerint.
266 569 326 612 nun
345 553 424 612 enim
441 567 547 629 preces
566 557 636 611 sunt
654 550 747 629 istud,
766 549 818 611 sed
837 551 1019 631 efflagitatio,
1038 552 1082 611 in·

72 643 247 720 tempestiva
261 639 381 719 quidem
395 646 426 700 et
439 640 601 717 inprovisa,
619 656 689 699 oum
702 637 768 699 aliis
781 637 819 700 de
833 638 924 700 rebus
938 655 1081 700 convene·
1096 652 1123 693 ιο

73 732 135 790 rint
152 736 266 808 patres,
284 745 465 805 consurgere
480 733 510 787 et
524 743 647 787 numero
662 734 750 804 atque
764 733 859 789 aetate
873 726 1001 788 liberum
1014 744 1081 788 sno·

73 837 142 880 rum
154 834 284 896 urguere
297 815 472 877 modestiam
486 822 614 895 senatus,
629 814 752 876 eandem
766 816 826 876 vim
835 816 866 875 in
876 832 923 875 me
933 817 1081 876 transmit·

73 914 137 967 tere
151 924 185 966 ac
199 904 280 966 velut
293 903 478 983 perfringere
492 905 652 982 aerarium,
666 902 745 981 quod
760 905 787 963 si
799 902 960 964 ambitione
974 904 1082 963 exhau-

74 996 215 1074 serimus,
238 1011 293 1072 per
316 991 430 1054 scelera
453 991 651 1071 supplendum
669 993 735 1051 erit.
767 990 849 1051 dedit
867 991 923 1052 tibi
926 989 1082 1072 ,Hortale,

74 1082 161 1144 divus
174 1082 326 1160 Augustus
343 1081 513 1160 pecuniam,
533 1079 585 1140 sed
604 1097 664 1140 noo
683 1079 867 1158 conpellatus
885 1096 941 1140 nee
960 1078 1082 1158 ecloga,
1098 1094 1122 1133 15

74 1178 108 1233 ut
87 1188 245 1275 semper
263 1169 392 1231 daretur.
420 1168 592 1247 languescet
609 1166 732 1248 alioqui
737 1167 893 1248 industria,
911 1166 1083 1228 intendetur

75 1243 222 1338 socordia,
246 1260 272 1319 si
289 1256 389 1320 nullus
408 1274 445 1317 ex
463 1275 495 1317 se
513 1263 611 1317 metus
634 1263 686 1317 ant
706 1274 787 1358 spes,
810 1264 841 1317 et
861 1257 962 1317 securi
978 1271 1085 1366 pmues

75 1347 169 1409 aliena
183 1345 315 1408 subsidia
329 1343 557 1423 exspectabunt,
572 1343 651 1404 sibi'
643 1346 749 1423 ignavi,
763 1344 849 1405 nobis
863 1361 976 1422 graves.
978 1339 1084 1405 'hacc

75 1445 163 1513 atque
181 1434 263 1512 talia,
286 1449 465 1511 quamquam
487 1449 557 1490 cum
578 1430 707 1490 adsensu
729 1431 828 1491 audita
847 1431 910 1490 ab
902 1434 952 1512 ris,
976 1431 1085 1510 quibus

76 1525 173 1583 omnia
188 1522 370 1599 principum,
389 1518 513 1578 honesta
530 1524 618 1594 atque
632 1516 800 1598 inhonesta,
815 1516 935 1579 laudare
949 1536 1014 1578 mos
1027 1527 1083 1600 est,
1097 1536 1123 1575 ao

76 1609 178 1688 plures
192 1625 246 1685 per
260 1606 411 1666 silentium
424 1612 476 1666 aut
489 1603 640 1666 oecultum
653 1621 789 1666 murmur
803 1622 956 1682 excepere.
979 1609 1085 1667 sensit·

78 1714 136 1776 que
150 1694 302 1774 'liberius3
321 1700 351 1754 et
365 1710 433 1755 oum
447 1691 568 1772 paulum
582 1693 764 1774 reticuisset,
783 1691 904 1753 Hortalo
919 1710 951 1753 se
965 1710 1086 1772 respon·

78 1784 157 1845 disse
171 1785 225 1845 ait:
237 1789 372 1843 ceterum
386 1783 412 1842 ai
424 1781 560 1860 patribus
574 1780 737 1861 videretur,
752 1781 891 1842 daturum
904 1780 1008 1841 liberis
1022 1783 1087 1844 eius

77 1872 192 1934 ducena
211 1871 347 1933 sestertia
366 1869 502 1952 singulis,
521 1871 574 1949 qui
587 1887 676 1931 sexus
690 1869 784 1930 virilis
799 1877 907 1932 essent.
936 1887 1023 1948 egere
1037 1869 1088 1931 alii

76 1969 188 2040 grates·
207 1959 290 2022 siluit
303 1957 455 2040 Hortalus,
473 1976 582 2038 pavore
600 1976 638 2019 an
656 1959 749 2019 avitae
764 1957 926 2019 nobilitatis
940 1959 1029 2019 etiam
1042 1961 1085 2020 in-
1100 1973 1127 2015 aa

76 2058 124 2111 ter
142 2066 236 2126 angus
236 2049 293 2109 tias
312 2047 448 2108 lortume
466 2048 608 2107 retinens
640 2064 737 2125 neque
761 2049 920 2109 miseratus
942 2054 989 2107 est
1007 2056 1086 2150 post·

76 2138 132 2199 bac
141 2136 288 2216 Tiberius,
302 2137 436 2216 quamvis
445 2134 710 2196 domusllortensii
722 2134 892 2213 pudendam
906 2134 965 2195 ad
956 2138 1087 2252 mopiam

77 2226 274 2288 delaberetur.
298 2257 320 2303 ρ
1134 2298 1137 2302 ¹

144 2311 195 2375 39.
214 2313 326 2374 Eodem
340 2330 417 2373 anno
431 2314 572 2391 mancipii
585 2315 675 2373 unius
689 2312 824 2392 audacia,
842 2314 1003 2373 nimature
1018 2312 1087 2374 sub-

78 2411 199 2464 ventum
213 2403 299 2481 ioret,
313 2400 470 2461 discordiis
484 2402 633 2479 armisque
643 2399 780 2460 civilibus
789 2418 853 2461 rem
863 2399 1011 2479 publicam
1021 2419 1087 2481 per·

78 2491 208 2553 colisset.
231 2489 365 2550 Postumi
374 2490 520 2567 Agrippae
530 2506 643 2562 servus
657 2490 776 2549 nomine
785 2486 930 2568 Clemens,
944 2497 1087 2567 conperto

78 2580 136 2640 tine
155 2579 281 2657 Augusti
299 2594 424 2656 pergere
442 2579 474 2637 iu
492 2576 619 2638 insulam
637 2575 801 2637 Planasiam
820 2584 850 2636 et
869 2575 971 2636 lraude
990 2584 1042 2637 aut
1060 2579 1089 2637 vi
1139 2591 1142 2594 ’

78 2673 198 2746 raptum
211 2666 370 2744 Agrippam
388 2665 467 2725 ferre
485 2664 522 2725 ad
541 2665 690 2725 exercitus
704 2664 895 2725 Germanicos
914 2681 974 2724 non
988 2663 1089 2725 servili
1102 2678 1115 2719 a

79 2757 177 2816 animo
191 2753 334 2832 conbepit.
363 2771 434 2813 ausa
448 2755 512 2813 eius
526 2751 670 2830 inpedivit
683 2752 805 2813 tarditas
820 2753 972 2812 onerariae
991 2755 1088 2815 navis:

80 2849 168 2921 atque
189 2843 309 2902 interim
326 2848 440 2920 patrata
464 2840 553 2901 caede
572 2839 608 2899 ad
627 2842 737 2901 maiora
756 2848 786 2901 et
804 2842 897 2919 magis
915 2843 1089 2921 praecipitia

79 2946 241 2993 conversus
268 2930 385 2991 iuratur
407 2932 523 2990 cineres
547 2936 708 3007 vectusque
732 2928 835 2989 Cosam
859 2929 996 2992 Etruriae
1020 2949 1087 3008 pro-

78 3020 264 3081 munturium
278 3020 386 3097 ignotis
401 3018 473 3079 locis
488 3035 553 3078 sese
568 3016 657 3096 abdit,
672 3017 766 3077 donec
780 3015 894 3078 crinem
908 3019 1088 3097 barbamque

78 3109 277 3189 promitteret:
296 3124 364 3166 nam
382 3113 476 3167 aetate
491 3113 521 3167 et
535 3107 628 3166 iorma
646 3105 724 3166 haud
743 3105 879 3166 dissimili
892 3109 922 3166 in
937 3107 1089 3167 dondnum
1104 3120 1129 3160 ιο

78 3204 151 3258 erat.
179 3203 242 3257 tum
255 3212 310 3274 per
323 3194 445 3254 idoneos
460 3202 490 3255 et
504 3197 612 3255 secreti
626 3196 690 3256 eius
705 3196 801 3255 socios
816 3193 980 3255 crebrescit
990 3196 1088 3254 virere

78 3285 246 3364 Agrippam,
260 3281 385 3343 occultis
399 3285 529 3361 primum
543 3282 739 3363 sermonibus,
753 3289 786 3343 ut
796 3285 886 3343 vetita
901 3282 1005 3362 solent,
1021 3299 1089 3342 mox

151 3419 197 3486 38,
228 3424 259 3472 12
288 3415 479 3472 transmittere
511 3434 571 3472 mar
589 3433 618 3472 oe
649 3415 815 3471 transmerei
837 3419 842 3485 t
867 3421 900 3469 26
927 3417 994 3486 post
1019 3413 1089 3470 baec

85 3487 233 3557 Wdlffla'al
250 3495 284 3544 28
299 3487 480 3555 dilaberetur,
499 3504 546 3543 ern.
605 3490 674 3544 uerti
689 3493 693 3557 Ι
710 3488 755 3555 39,
771 3494 785 3542 t
799 3487 914 3556 patrata
926 3487 1089 3543 Rhenanus:

79 3561 181 3630 parata
196 3563 233 3629 18
253 3558 353 3615 Cosam
370 3557 499 3629 Lapara:
518 3574 613 3614 coram
