2392 3876
269 195 317 250 AB
337 191 498 249 excussu
514 191 670 248 AUGUSTI
686 192 759 248 xm.
780 199 892 248 15-19.
1017 192 1082 256 365

71 345 227 406 iurationis
246 344 370 403 scicntia
388 343 523 422 fingitur,
546 341 719 402 adsimilatis
738 342 851 403 Lucani
868 341 990 402 littaris:
1010 352 1082 420 quas
1098 354 1122 396 1⁵

72 438 220 512 inspectas
239 428 317 492 Nero
337 431 409 491 ierri
427 430 550 491 adeum
568 431 669 511 iussit,
688 430 796 510 opibus
816 432 880 491 cius
898 430 1024 490 inhians.
1053 439 1083 492 at

71 523 159 601 hlela,
187 536 261 601 quae
287 528 350 580 tum
375 521 596 599 promptissima
621 521 726 579 mortis
751 521 810 600 ria,
838 518 963 579 exsolvit
985 535 1083 590 venas,

72 610 192 689 scriptis
210 607 366 689 codicillis,
390 607 499 687 quibus
522 607 663 687 grandem
681 609 838 687 pecuniam
856 609 887 667 ln
905 605 1083 685 Tigellinum

72 715 273 778 generumque
292 700 356 758 eius
369 695 578 758 Cossutianum
598 696 769 775 Capitonem
788 694 940 776 erogabat,
960 711 1018 774 quo
1037 711 1084 756 ce·

72 796 135 848 tera
149 794 312 847 manerent.
336 785 455 845 additur
465 783 615 864 codicillis,
630 791 778 864 tamquam
788 785 992 862 deiniquitate
1003 785 1085 844 exitii
1097 797 1125 838 20

74 891 203 955 querens
221 877 264 935 ita
283 875 467 951 scripsisset,
487 888 518 932 se
537 873 657 952 quidem
671 875 747 934 mori
761 873 851 935 nullis
865 873 1004 952 supplicii
1017 889 1085 933 cau·

73 965 127 1042 sis,
146 960 283 1022 Ruiriom
303 969 402 1022 autem
416 959 586 1040 Crispinum
600 969 629 1021 et
643 961 779 1024 Anicium
794 961 937 1023 Cerialem
951 963 1011 1022 vita
1024 961 1086 1022 irui

75 1049 207 1111 intensos
226 1051 363 1129 principi.
396 1066 471 1128 quae
490 1052 652 1128 composita
670 1048 869 1121 credebantur
887 1051 924 1110 de
939 1049 1085 1130 Crispino,

75 1140 144 1220 quia
166 1138 345 1200 interiectus
363 1144 438 1219 erat,
462 1136 499 1198 dc
517 1136 645 1217 Ceriale,
668 1147 702 1199 ut
720 1140 949 1219 interficeretur.
986 1155 1083 1216 neque

32 1259 33 1264 .
74 1232 152 1290 enim
167 1228 260 1288 multo
274 1235 342 1306 post
355 1227 415 1286 rim
429 1225 486 1286 sibi
501 1226 608 1306 attulit,
624 1227 737 1288 minore
752 1244 840 1306 (pram
854 1229 948 1288 ceteri
961 1229 1083 1288 misera·
1098 1239 1125 1280 2⁶

73 1320 167 1397 tione,
186 1318 256 1395 quia
274 1314 422 1394 proditam
439 1313 511 1376 Caio
526 1313 645 1375 Caesari
663 1317 897 1376 coniurationem
916 1315 952 1375 ah
971 1333 1007 1375 eo
1025 1333 1084 1376 mc-

74 1408 230 1466 minorant.

143 1490 193 1554 18.
217 1490 258 1553 llc
277 1490 308 1553 C.
327 1490 467 1552 Petronio
489 1508 583 1571 pauca
605 1509 696 1570 sopra
719 1492 880 1571 repetenda
904 1499 981 1552 sunt.
1018 1509 1085 1551 narn

75 1582 118 1642 illi
143 1581 206 1641 dies
232 1594 286 1658 per
312 1596 461 1660 somnum,
488 1597 548 1640 nox
575 1581 681 1641 oiiiciis
707 1588 737 1644 et
763 1580 986 1641 oblectamentis
1009 1581 1085 1640 vitae

75 1668 307 1748 transigebatur3
326 1676 418 1748 utque
437 1667 509 1729 aiios
527 1667 686 1750 industria,
705 1671 746 1729 ita
765 1669 844 1730 hunc
863 1671 977 1747 ignavia
995 1669 1031 1728 ad
1046 1669 1085 1730 la·

76 1773 153 1819 mam
173 1757 350 1836 protulerat,
371 1755 592 1835 habebaturque
611 1774 670 1817 non
689 1775 782 1836 ganeo
800 1764 831 1818 ct
849 1755 1033 1838 profligator,
1052 1765 1086 1817 ut

77 1846 211 1925 plerique
227 1863 278 1905 sua
293 1844 503 1925 haurientium,
518 1845 569 1905 sed
585 1847 701 1906 erudito
716 1845 796 1906 luxu.
819 1863 853 1906 ac
863 1845 940 1906 dicta
951 1845 1112 1924 iactaque⁵

77 1937 141 1995 eius
161 1944 270 2012 quanto
290 1932 432 1994 solutiora
450 1942 481 1994 et
499 1933 646 2013 quandam
667 1936 715 1994 sui
734 1933 949 2012 neglegentiam
973 1935 1086 2012 praeie-

76 2026 184 2102 rentia,
207 2029 289 2083 tantu
308 2025 421 2100 gratius
440 2024 471 2082 in
491 2023 621 2100 speciem
640 2022 838 2101 simplicitatis
857 2021 1086 2100 accipiebantur.

75 2129 129 2191 pro
149 2109 270 2171 consule
291 2117 388 2171 tamen
402 2109 557 2190 Bithyniae
576 2117 607 2171 et
624 2128 692 2171 mor
712 2109 816 2172 consul
834 2112 982 2188 vigentem
1002 2129 1034 2171 se
1053 2129 1087 2171 ac

76 2218 177 2278 parem
196 2201 322 2276 negotiis
341 2198 479 2261 ostendit.
514 2198 583 2259 dein
602 2199 754 2261 revolutus
773 2199 809 2259 ad
829 2200 912 2279 vitia,
931 2217 983 2260 seu
1003 2201 1086 2259 vitio-

77 2304 144 2347 rum
162 2289 338 2366 imitatione,
350 2290 436 2347 ‘inter
454 2301 565 2365 paucos
584 2286 771 2348 familiarium
785 2287 897 2348 Neroni
911 2287 1086 2366 adsumptus
1103 2302 1127 2341 10

78 2383 131 2454 est,
147 2373 307 2450 elegantiae
322 2375 446 2454 arbiter,
464 2373 535 2434 dum
554 2375 628 2434 nihil
641 2394 798 2436 amoenum
812 2383 843 2436 et
855 2375 943 2436 molle
957 2370 1087 2436 adilricu-

77 2466 117 2524 tia
133 2470 230 2540 putat,
249 2461 307 2521 nisi
322 2462 400 2539 quod
416 2462 444 2520 ei
457 2459 614 2521 Petronius
628 2463 857 2541 adprobavisset.
885 2464 964 2524 uode
978 2465 1087 2525 invidia

77 2550 214 2629 Tigellini
234 2551 318 2628 quasi
336 2549 477 2608 adversos
497 2549 643 2610 aemulum
659 2562 689 2611 et
703 2554 825 2613 seientia
840 2552 1022 2630 voluptatum
1037 2572 1087 2633 po-

77 2643 191 2700 tiorem.
229 2654 300 2715 ergo
324 2636 528 2698 crudelitatem
552 2640 709 2720 principis,
735 2641 785 2701 cui
810 2650 926 2701 ceterae
950 2641 1087 2702 libidines

77 2727 234 2806 cedebant,
249 2726 434 2806 adgreditur,
449 2727 607 2787 amicitiam
623 2727 759 2788 Scaevini
771 2727 910 2790 Petronio
926 2729 1087 2811 obiectans,
1102 2743 1129 2785 rs

77 2823 218 2893 corrupto
233 2815 268 2874 ad
284 2815 425 2875 indicium
440 2830 525 2875 servo
540 2816 734 2897 ademptaque
744 2817 916 2879 defensione
931 2827 962 2879 et
975 2821 1086 2881 maiore

77 2914 160 2983 parte
177 2902 301 2963 familiae
315 2906 345 2963 in
361 2903 454 2964 vincla
470 2911 560 2982 rapta.

147 2989 195 3052 19.
221 2991 308 3052 Forte
332 2991 390 3052 illis
412 2991 517 3053 diebus
536 2991 723 3072 Campaniam
748 2996 894 3074 petiverat
913 2994 1033 3076 Caesar,
1058 3005 1088 3056 et

77 3081 184 3141 Cumas
198 3098 293 3158 usque
308 3099 484 3160 progressus
494 3081 652 3143 Petronius
666 3083 725 3144 illic
741 3082 935 3165 attinebatur,
949 3102 1005 3145 uec
1020 3083 1088 3144 tulit

76 3171 152 3230 ultra
172 3171 287 3229 timoris
307 3179 358 3229 aut
376 3172 440 3248 spei
460 3187 565 3231 moras.
602 3188 699 3250 neque
718 3180 816 3233 tamen
835 3190 978 3251 praeceps
998 3175 1087 3233 vitam

75 3259 201 3338 expulit,
221 3258 272 3318 sed
288 3259 396 3318 incisas
410 3276 512 3339 venas,
531 3267 565 3319 ut
583 3258 713 3341 libitum,
734 3260 877 3340 obligatas
891 3263 1007 3339 aperire
1022 3279 1087 3322 rur·

146 3393 192 3456 1⁷,
209 3397 240 3446 15
255 3393 405 3462 linguntur,
420 3410 467 3449 ern.
482 3393 649 3451 Puteolanus
663 3393 794 3464 (consilia
807 3396 950 3465 fingrmtur
964 3395 1085 3468 Hoorell

75 3469 117 3604 ¹202
129 3462 323 3588 oqditflooec
346 3469 351 3534 1
374 3471 407 3520 21
428 3463 573 3535 scripsisse
597 3467 634 3522 ol.
659 3470 664 3536 Ι
689 3467 739 3535 18,
765 3473 778 3521 1
808 3466 837 3522 O.
857 3468 908 3523 del.
926 3467 1088 3539 Nipperdey

137 3551 149 3587 s
168 3552 275 3589 mmum
