2392 3876
139 165 203 230 162
489 160 658 216 commu
674 159 794 238 nicru

136 316 252 375 missos.
280 320 344 374 tum
358 319 420 373 tres
434 310 513 372 leves
532 310 669 372 cohortes
688 329 722 371 ac
740 327 861 371 rursum
877 309 967 390 duae,
987 311 1061 372 dein
1081 321 1155 375 tem·

136 421 210 483 pore
224 403 381 463 interiecto
395 399 504 461 alarius
522 418 614 479 eques
631 401 786 460 inmissus:
804 400 876 459 satis
894 397 998 480 validi,
1016 403 1047 461 si
1066 403 1155 464 simul

137 490 357 571 incubuissent,
371 507 426 569 per
438 487 626 550 intervallum
635 487 826 548 adventantes
839 504 936 565 neque
950 493 1155 552 constantiam

138 580 313 641 addiderant
333 577 461 640 turbatis
480 585 510 638 et
527 594 636 656 pavore
655 577 830 655 fugientium
847 574 1075 639 auferebantur.
1102 579 1154 640 Ce-

99 684 124 724 15
138 668 226 748 thego
246 667 376 728 Labeoni
398 666 493 745 legato
515 667 635 745 quintae
658 664 783 744 legionis
802 664 880 744 quod
898 663 1054 744 reliquum
1073 671 1152 730 auxi·

138 756 246 818 liorum
260 755 358 817 tradit.
386 762 474 833 atque
493 752 542 814 iile
561 753 650 815 dubia
669 770 791 814 suorum
809 770 842 812 re
860 754 892 813 in
910 770 1022 832 anceps
1038 762 1152 817 tractus

137 847 236 905 missis
255 844 368 904 nuntiis
385 843 444 902 vim
462 841 613 921 legionum
635 840 810 920 implorabat.
846 851 1050 920 prorumpunt
1070 847 1151 924 quin·

137 934 201 992 tani
217 939 285 992 ante
303 928 377 990 alios
395 937 425 991 et
443 931 506 990 acri
522 947 622 1009 pugna
640 929 724 990 hoste
742 929 828 1008 pulso
846 930 997 1008 recipiunt
1017 932 1152 994 cohortis

137 1018 257 1098 alasque
271 1018 364 1079 fessas
378 1017 559 1079 vulneribus.
591 1036 688 1097 neque
702 1017 762 1078 dux
776 1017 925 1078 Romanus
938 1017 1039 1079 ultum
1054 1022 1091 1082 iit
1104 1029 1152 1082 aut

98 1125 124 1163 ιο
138 1125 263 1186 corpora
276 1106 416 1187 humavit,
431 1109 609 1186 quamquam
621 1105 709 1167 multi
718 1105 906 1167 tribunorum
915 1106 1150 1184 praefectorum·

137 1214 195 1275 que
215 1204 245 1255 et
263 1195 395 1274 insignes
413 1197 604 1256 centuriones
623 1194 809 1255 cecidissent.
841 1212 908 1254 mox
927 1204 1119 1273 compertum
1137 1217 1152 1258 a

137 1284 299 1362 transfugis
318 1290 483 1364 nongentos
501 1283 702 1344 Romanorum
720 1282 799 1361 apud
817 1281 930 1363 lucum,
949 1300 1043 1362 quem
1056 1285 1150 1347 Badu-

136 1372 251 1433 hennae
262 1381 376 1454 vocant,
389 1390 488 1452 pugna
502 1374 533 1433 in
543 1379 696 1452 posterum
707 1377 838 1432 extracta
847 1370 1008 1452 coniectos,
1024 1384 1057 1434 et
1066 1374 1151 1434 aliam

138 1461 422 1543 quadringentorum
442 1479 563 1522 manum
577 1467 720 1538 occupata
734 1458 919 1538 Cruptorigis
934 1461 1089 1539 quondam
1102 1465 1150 1524 sti-

97 1565 122 1606 25
135 1551 283 1631 pendiarii
296 1549 372 1632 villa,
386 1558 545 1631 postquam
558 1548 687 1628 proditio
701 1546 897 1628 metuebatur,
911 1550 1026 1609 mutuis
1041 1550 1150 1613 ictibus

135 1639 339 1719 procubuisse.

205 1727 254 1788 74.
275 1728 392 1788 Clarum
411 1726 480 1786 inde
498 1728 577 1787 inter
597 1725 758 1786 Germanos
776 1723 906 1785 Frisium
925 1742 1045 1810 nomen,
1064 1726 1148 1789 dissi·

136 1816 266 1878 mutante
285 1815 404 1876 Tiberio
424 1814 541 1894 damna,
564 1833 602 1875 ne
621 1817 670 1875 cui
689 1812 799 1874 bobum
817 1813 1012 1893 permitteret.
1054 1834 1148 1896 neque

137 1912 256 1965 senatus
270 1905 302 1964 in
317 1921 351 1964 eo
366 1920 450 1982 cura,
469 1920 506 1962 an
520 1904 639 1981 imperii
653 1909 784 1962 extrema
798 1901 1082 1966 dehonestarentur:
1100 1924 1148 1984 pa·

135 2009 188 2052 vor
206 1993 342 2052 internus
362 1997 556 2070 occupaverat
574 1993 701 2072 animos,
724 1993 773 2052 cui
791 1990 956 2051 remedium
979 1989 1149 2054 adulatione

109 2078 342 2159 oquaerebatur.
381 2081 422 2139 ita
447 2096 623 2158 quamquam
648 2079 773 2140 diversis
796 2097 886 2158 super
904 2077 993 2139 rebus
1012 2082 1148 2143 consule·

135 2176 253 2249 rentur,
273 2185 354 2228 aram
373 2166 558 2247 clementiae,
578 2185 658 2228 aram
677 2169 822 2229 amicitiae
842 2167 1013 2246 effigiesque
1034 2171 1148 2232 circum

135 2255 324 2316 Caesarisne
346 2256 445 2317 Seiani
466 2274 624 2337 censuere,
650 2255 823 2336 crebrisque
844 2255 984 2335 precibus
1006 2257 1147 2338 efflagita·

135 2343 206 2405 bant
224 2344 340 2405 visendi
359 2346 405 2405 sui
425 2346 540 2424 copiam
558 2345 698 2406 iacerent.
733 2363 793 2405 non
811 2343 855 2406 illi
872 2352 971 2405 mmen
990 2347 1021 2406 in
1042 2347 1148 2408 urbem

135 2440 186 2495 aut
204 2435 370 2513 propinqua
388 2432 457 2494 urbi
475 2433 609 2512 degressi
628 2441 709 2494 sunt:
733 2435 805 2494 satis
828 2434 925 2494 visum
944 2435 1084 2496 omittere
1104 2439 1147 2497 in·

96 2538 121 2577 10
136 2522 229 2584 sulam
251 2532 281 2585 et
302 2524 334 2583 in
359 2523 493 2601 proximo
517 2522 693 2602 Campaniae
716 2524 816 2601 aspici.
854 2540 888 2582 eo
911 2524 1013 2583 venire
1037 2532 1147 2606 patres,

136 2630 241 2692 eques,
259 2629 364 2692 magna
378 2629 447 2691 pars
461 2609 569 2692 plebis,
588 2613 668 2671 anxii
682 2628 751 2689 erga
766 2610 917 2691 Seianum,
938 2611 1024 2672 cuins
1043 2613 1148 2674 durior

135 2717 325 2781 congressus,
345 2707 433 2780 atque
452 2717 487 2760 eo
505 2717 560 2779 per
581 2700 723 2760 ambitum
744 2707 773 2760 et
794 2701 934 2761 societate
954 2699 1148 2763 consiliorum

134 2786 302 2864 parabatur.
341 2791 411 2849 satis
435 2787 590 2850 constabat
612 2796 728 2848 auctam
751 2789 779 2848 ei
802 2788 1003 2867 adrogantiam
1027 2788 1148 2852 foedum

134 2872 205 2934 illud
225 2875 255 2933 in
274 2875 430 2954 propatulo
450 2878 603 2938 servitium
626 2877 784 2956 spectanti3
808 2879 917 2956 quippe
935 2875 1045 2937 Romae
1069 2882 1149 2940 sueti
1192 2898 1194 2953 ι

92 2975 121 3017 m
136 2962 302 3044 discursus,
321 2970 351 3023 et
368 2965 570 3042 magnitudine
589 2963 672 3025 urbis
687 2959 851 3047 incertum,
871 2964 948 3044 quod
968 2967 1096 3046 quisque
1112 2969 1147 3028 ad

135 3053 285 3131 negotium
304 3058 422 3129 pergat:
441 3050 483 3112 ibi
501 3070 604 3130 campo
624 3060 674 3113 aut
692 3052 778 3113 litore
797 3056 927 3114 iacentes
946 3052 1026 3114 nullo
1041 3055 1147 3116 discri-

208 3222 252 3288 78,
273 3228 303 3275 11
324 3221 387 3275 leue
406 3222 437 3276 in
454 3237 556 3276 rasura
571 3224 577 3291 Ι
594 3228 626 3276 12
646 3222 750 3277 alarius
770 3222 953 3279 Freiusbeim:
983 3223 1074 3278 acrius
1091 3228 1096 3294 Ι
1115 3231 1148 3280 14

135 3292 221 3347 Cethe
244 3309 259 3347 o
283 3292 411 3362 inprime:
438 3292 563 3346 eebhecio
580 3296 585 3362 Ι
602 3300 635 3348 22
655 3294 824 3348 Baduennee
846 3294 1015 3363 Mdileaboff
1026 3295 1058 3348 Ζ.
1078 3298 1099 3364 f.
1119 3299 1146 3352 d.

133 3365 191 3419 Ait.
231 3363 269 3430 X,
286 3367 341 3420 240
365 3366 370 3433 Ι
394 3369 428 3419 23
448 3362 586 3417 confertos
611 3365 615 3432 Ι
640 3370 674 3418 24
694 3362 867 3434 Cruptorigis
887 3365 961 3421 Otto:
981 3367 1147 3435 eruptoricie

137 3433 140 3504 i
172 3433 216 3500 74,
245 3440 261 3488 4
290 3435 423 3503 internos,
451 3451 498 3490 em.
517 3433 668 3490 Rhenanus
696 3437 701 3504 Ι
732 3441 764 3489 14
782 3433 864 3488 allum
882 3451 912 3488 m
938 3435 1146 3510 propetibulot

135 3508 168 3558 15
187 3503 386 3575 magnitudini,
405 3523 453 3564 em.
467 3505 626 3562 namnam.
645 3506 678 3558 ct
700 3505 826 3550 Aedem*
868 3506 914 3550 *⁷²¹*
928 3507 970 3554 ‘ab
992 3511 1059 3562 ¹8⁷4
1070 3525 1098 3578 p.
1110 3514 1147 3565 76
