2392 3876
278 227 327 282 AB
345 225 504 284 Excusso
522 224 678 282 sucossi
694 226 729 282 11.
749 232 811 282 oo-
822 232 864 285 aa.
1033 225 1072 288 tt

67 387 126 456 tus,
139 375 192 437 ubi
205 383 370 438 recreatum
385 378 498 455 aceepit
512 383 638 454 votaque
647 393 702 455 pro
712 374 916 439 incolumitate
924 374 1075 436 solveban-

68 473 131 544 tur,
150 465 279 526 admotas
298 465 424 545 hostias,
443 464 634 526 sacrificalem
653 472 839 544 apparatum,
858 464 962 524 testam
976 464 1074 524 Antio·

69 552 222 614 cbenslum
236 553 352 632 plebem
366 572 421 633 per
434 553 553 614 lictores
567 552 732 633 proturbat.
765 561 830 613 tum
844 552 1008 614 Seleuciam
1027 552 1076 613 de·

68 642 214 722 greditur,
237 644 395 722 opperiens
418 642 645 722 aegritudinem,
669 659 745 719 quae
762 659 883 702 rursum
902 640 1076 702 Germanico

68 730 224 792 acciderat.
262 750 379 793 saevam
400 733 460 791 vim
481 729 579 792 morbi
601 729 728 808 augebat
754 733 908 809 persuasio
931 732 1038 791 veneni
1060 743 1117 789 a10

68 818 174 880 Pisone
198 823 326 901 accepti3
349 828 381 880 et
401 819 627 898 reperiebantur
649 818 713 878 solo
735 836 768 879 33
792 818 956 897 parietibus
975 827 1077 878 erutae

67 908 266 969 humanorum
288 926 447 986 corporum
469 907 624 987 reliquiae,
647 909 777 968 carmina
800 915 831 968 ct
853 906 1025 967 devotiones
1047 915 1077 966 et

69 1014 177 1056 nornen
192 996 360 1065 Germanici
372 995 518 1075 plumbeis
532 995 640 1057 tabulis
654 996 844 1076 insculptum,
859 998 984 1056 semusti
998 997 1077 1056 cine·

70 1102 119 1145 res
133 1103 167 1144 ac
181 1083 250 1144 tabo
265 1084 348 1146 obliti
360 1085 474 1163 aliaque
486 1085 625 1164 malefica,
640 1086 707 1163 quis
717 1084 850 1146 creditur
859 1087 971 1144 animas
981 1086 1077 1145 numi·

71 1172 159 1233 nibus
177 1173 301 1234 infernis
320 1177 439 1260 sacrari.
467 1173 554 1234 simul
567 1174 652 1234 missi
665 1191 683 1233 a
696 1173 803 1234 Pisone
817 1172 1030 1234 incusabantur
1043 1179 1078 1233 ut
1092 1185 1118 1224 1⁵

70 1261 247 1322 valetudinis
262 1263 384 1323 adversa
398 1265 548 1323 rimantes.

137 1347 187 1411 70.
206 1349 248 1410 Ea
267 1351 441 1411 Germanico
459 1349 538 1411 haud
556 1351 656 1410 minus
674 1351 718 1409 ira
737 1367 826 1427 quam
839 1367 894 1427 per
906 1358 1018 1410 metum
1032 1368 1078 1411 33-

70 1434 165 1515 cepta.
194 1440 220 1497 si
233 1438 323 1499 limen
337 1437 538 1518 obsideretur,
552 1440 579 1497 si
593 1436 788 1497 effundendus
802 1438 926 1515 spiritus
941 1437 996 1498 sub
1011 1456 1079 1497 ocn-

72 1526 109 1585 lis
127 1527 316 1586 inimicorum
334 1526 424 1604 loret,
443 1525 514 1604 quid
533 1525 639 1585 deinde
657 1526 840 1585 miserrimae
860 1527 991 1605 coniugi,
1010 1526 1081 1603 quid

72 1613 235 1673 infantibus
249 1613 351 1674 liberis
365 1610 560 1674 eventurum?
574 1612 652 1673 lenta
665 1613 760 1673 videri
772 1613 928 1673 veneficia:
942 1614 1080 1673 festinare

73 1711 104 1762 et
118 1720 256 1781 urguere,
270 1710 304 1762 ut
316 1704 497 1781 provinciam
501 1749 510 1782 ,
524 1709 559 1763 ut
572 1700 704 1780 legiones
717 1700 800 1762 solus
813 1699 927 1762 babeat
955 1702 1007 1762 sed
1022 1720 1080 1762 non
1095 1715 1108 1753 ⁵

74 1809 170 1869 usque
190 1809 224 1851 co
239 1791 386 1851 delectum
400 1790 621 1869 Germanicum,
635 1807 732 1868 neque
746 1792 878 1868 praemia
891 1790 990 1851 caedis
1004 1790 1081 1868 apud

73 1879 296 1940 interfectorem
312 1897 460 1940 mansura.
488 1879 639 1958 componit
657 1878 812 1958 epistulas,
836 1881 904 1958 quis
923 1882 1082 1939 amicitiam

71 1970 102 2027 ei
119 1967 321 2029 renuntiabat:
339 1967 451 2029 addunt
468 1968 603 2047 plerique
623 1969 738 2028 iussum
756 1969 907 2044 provincia
927 1968 1080 2029 decedere.

72 2074 128 2116 nec
142 2056 209 2116 Piso
223 2064 356 2118 moratus
370 2056 447 2117 ultra
461 2058 544 2116 navis
562 2055 663 2135 solvit,
681 2054 950 2134 moderabaturque
969 2058 1080 2136 cursui,

72 2164 132 2224 quo
156 2147 277 2224 propius
297 2145 515 2225 regrederetur,
538 2147 564 2205 si
586 2161 668 2204 mors
686 2142 856 2205 Germanici
874 2144 991 2205 Suriam
1015 2158 1122 2223 ape-1⁰

75 2235 193 2294 ruisset.

143 2320 192 2383 71.
216 2322 322 2384 Caesar
339 2321 489 2402 paulisper
507 2322 542 2383 ad
561 2339 645 2400 spem
667 2328 799 2401 erectus,
823 2322 892 2381 dein
915 2322 994 2382 fesso
1018 2340 1082 2382 cor·

74 2428 160 2489 pore,
183 2410 320 2471 abitinis
341 2412 454 2490 aderat,
477 2410 654 2471 adsistentes
672 2411 783 2470 amicos
806 2412 837 2470 in
860 2410 940 2471 bunc
963 2410 1081 2472 modum

75 2499 256 2578 adloquitur:
275 2495 313 2559 ‘si
331 2499 389 2559 lato
408 2498 615 2576 concederem,
634 2499 732 2558 iustus
745 2498 819 2558 mibi
833 2497 917 2559 dolor
931 2501 1020 2558 etiam
1034 2499 1082 2559 ad-

76 2605 180 2648 versus
199 2588 269 2647 deos
288 2594 379 2665 esset,
400 2587 479 2665 quod
499 2604 547 2646 inc
566 2585 738 2664 parentibus
756 2584 859 2646 liberis
879 2589 992 2665 patriae
1006 2589 1083 2648 intra

74 2679 226 2736 iuventam
239 2683 424 2752 praematuro
439 2677 520 2734 exitu
535 2681 686 2752 raperent:
700 2692 780 2735 nunc
795 2673 910 2734 scelere
923 2674 1040 2736 Pisonis
1053 2683 1110 2737 et⁵

75 2763 235 2822 Plancinae
254 2764 438 2840 interceptus
459 2762 578 2822 ultimas
596 2779 701 2839 preces
719 2761 893 2841 pectoribus
911 2766 1019 2825 vestris
1037 2783 1083 2826 re·

77 2851 193 2928 linquo:
213 2849 348 2910 referatis
365 2852 442 2928 patri
461 2867 495 2910 ac
513 2851 612 2928 fratri,
631 2848 739 2928 quibus
752 2850 963 2914 acerbitatibus
977 2853 1082 2914 ddace·

75 2947 173 3018 ratus,
192 2936 301 3017 quibus
314 2938 429 2998 insidiis
443 2940 663 3001 circumventus
677 2940 871 3000 miserrimam
884 2942 972 3002 vitam
987 2946 1080 3021 pessi·

74 3047 122 3090 ma
141 3035 237 3088 morte
255 3027 390 3089 finierim.
423 3030 542 3106 siquos
561 3045 629 3106 spes
647 3044 744 3107 meae,
761 3029 788 3088 si
805 3046 879 3108 quos
896 3034 1084 3110 propinquus

74 3118 210 3197 sanguis,
230 3117 317 3177 etiam
337 3132 412 3194 quos
430 3115 538 3177 invidia
557 3133 626 3195 erga
640 3117 786 3177 viventem
799 3117 947 3197 movebat,
965 3118 1083 3178 inlacri-
1099 3131 1125 3171 ιο

75 3205 198 3268 mabunt
217 3204 364 3284 quondam
384 3204 537 3266 llorentem
552 3213 582 3266 et
597 3212 641 3266 tot
653 3203 799 3266 bellorum
813 3210 1006 3285 superstitem
1021 3224 1084 3266 mu·

145 3427 192 3494 ou,
212 3433 228 3482 8
247 3427 404 3498 digreditur
421 3428 537 3511 Lepsios
552 3431 558 3498 Ι
576 3433 608 3483 14
625 3429 705 3496 tabe,
729 3446 777 3485 em.
796 3428 913 3509 Lipsius
948 3427 1086 3483 maleficia

74 3491 230 3641 pgppgsgus
254 3503 259 3570 Ι
285 3501 329 3588 lt),
348 3507 364 3556 9
382 3516 435 3555 333
452 3500 535 3571 rpsol
553 3505 586 3555 10
604 3515 659 3569 quo
678 3500 806 3570 Dipsium
825 3500 900 3568 quil
940 3499 967 3567 1,
986 3504 1003 3556 9
1020 3516 1084 3570 pro·
