2408 3870
289 193 338 248 AB
354 193 518 249 Excusso
535 193 691 249 AUGUSTI
709 195 755 249 IV.
775 200 888 250 tta-oe.
1023 194 1087 259 155

78 340 328 403 exstimulaturut
339 351 473 402 erecurm
483 349 512 402 et
521 341 662 402 lidentem
672 344 801 405 animum
812 342 995 403 ostenderet:
1013 342 1086 403 vcllc

78 432 109 491 id
123 429 265 510 populum
274 429 448 509 Romanum,
461 444 571 509 cupere
581 432 744 510 exercitus,
759 448 856 510 neque
866 448 1009 490 ausurum
1019 449 1086 491 con-

79 528 125 580 tra
135 519 286 599 Seianum,
301 520 354 597 qui
367 534 447 579 nunc
460 521 632 597 patientiam
647 521 727 579 senis
745 526 776 579 et
795 521 951 597 segnitiam
971 521 1087 579 iuvenis

77 611 158 669 iuxta
172 606 304 668 insultet.
1101 623 1127 661 20

143 693 195 758 60.
219 692 299 756 llaec
317 701 406 774 atque
424 693 494 755 talia
514 694 646 756 audienti
665 694 739 756 nihil
753 695 873 774 quidem
887 712 994 774 pravae
1008 697 1087 773 cogi·

76 786 211 864 tationis,
238 783 291 844 aed
319 783 470 867 interdum
496 796 585 844 voces
612 783 813 861 procedebant
840 791 1030 845 contumaces
1057 791 1087 844 et

76 871 277 952 inconsultae,
296 888 370 951 quas
387 871 516 950 adpositi
534 870 673 932 custodes
692 879 829 951 exceptas
844 880 1005 950 acrctasque
1019 889 1088 932 cum

76 961 231 1042 deterrent
247 973 346 1039 neque
360 957 472 1020 Neroni
490 959 649 1020 defendere
663 960 798 1039 daretur,
817 960 951 1020 diversae
965 962 1088 1038 insuper

74 1048 312 1110 sollicitudinum
328 1048 441 1108 formae
460 1046 641 1108 oriebantur.
677 1065 746 1108 nam
759 1048 834 1109 alius
848 1066 1007 1110 occursum
1021 1051 1087 1108 eius
1101 1062 1114 1102 a

76 1141 183 1219 vitare,
202 1136 323 1216 quidam
338 1135 514 1196 salutatione
528 1134 643 1196 reddita
657 1139 756 1197 statim
770 1139 876 1218 averti,
894 1136 1030 1215 plerique
1044 1139 1087 1196 in·

75 1235 198 1305 ceptum
212 1238 380 1286 sermonem
395 1223 585 1303 abrumpere,
600 1224 807 1285 insistentibus
821 1232 924 1285 contra
933 1225 1087 1284 inridenti·

77 1315 195 1394 busque
214 1315 266 1393 qui
280 1313 387 1374 Seiano
401 1313 532 1372 fautores
546 1312 676 1373 aderant.
712 1315 862 1374 enimvero
877 1312 1015 1373 Tiberius
1029 1320 1088 1372 tor·

79 1420 135 1462 vus
165 1409 216 1462 aut
242 1400 349 1462 falsum
371 1401 512 1462 renidens
535 1399 632 1461 vultu:
662 1418 716 1462 scu
739 1400 912 1480 loqueretur
935 1418 989 1461 seu
1011 1409 1088 1460 tace·

81 1497 129 1550 ret
150 1491 283 1568 iuvenis,
308 1491 420 1550 crimen
445 1502 481 1549 ex
505 1488 636 1568 silentio,
659 1507 696 1549 ex
714 1506 794 1549 voce.
835 1506 873 1549 ne
892 1505 950 1549 nox
969 1488 1088 1567 quidem
1104 1504 1129 1543 ιο

78 1594 201 1657 secura,
215 1590 283 1638 cum
297 1591 372 1638 uror
383 1575 499 1657 vigilias
513 1593 633 1637 somnos
648 1579 776 1657 suspiria
790 1579 877 1637 matri
887 1575 986 1636 Liviae
1002 1583 1089 1654 atque

81 1665 131 1726 illa
146 1665 253 1726 Seiano
270 1666 464 1746 patefacerem
483 1667 536 1744 qui
549 1665 670 1726 fratrem
685 1682 805 1744 quoque
819 1664 946 1725 Neronis
960 1663 1090 1724 Ilrusum

78 1755 172 1816 traxit
189 1756 221 1814 in
233 1761 345 1834 partes,
365 1772 417 1833 spe
436 1753 552 1814 obiecta
565 1756 710 1833 principis
724 1753 791 1833 loci,
811 1755 836 1814 si
849 1755 981 1832 priorem
995 1760 1090 1813 aetate

78 1852 111 1904 et
129 1845 188 1903 iam
206 1841 382 1904 labefactum
401 1842 587 1903 demovisset.
624 1850 708 1903 atrox
722 1841 811 1902 Drusi
828 1843 981 1920 ingenium
1000 1859 1091 1918 snper

74 1931 250 2010 cupidinem
270 1932 420 2009 potentiae
434 1938 465 1991 et
479 1930 564 1991 solita
578 1929 720 1991 fratribus
735 1930 800 1990 odia
815 1928 1033 1991 accendebatur
1047 1931 1089 1988 in·
1105 1945 1130 1985 15

75 2021 169 2100 vidia,
188 2019 268 2098 quod
287 2025 382 2079 mater
396 2019 556 2098 Agrippina
575 2021 741 2097 promptior
755 2018 867 2079 Neroni
881 2025 952 2079 erat.
993 2036 1090 2097 neque

75 2117 179 2170 tamen
198 2107 326 2168 Seianus
344 2108 385 2167 lta
403 2105 533 2168 Drusum
551 2107 680 2186 fovebat,
704 2115 738 2168 ut
757 2125 815 2168 non
834 2109 864 2167 in
884 2124 953 2167 eum
972 2124 1090 2185 quoquc

78 2198 193 2258 semina
211 2197 307 2256 futuri
326 2197 409 2256 exitii
427 2195 635 2275 meditaretur,
654 2212 764 2274 gnarus
783 2197 985 2274 praeferocem
1004 2204 1034 2255 et
1048 2196 1090 2254 in-

76 2285 166 2347 sidiis
181 2286 276 2362 *magis
291 2291 500 2363 opportunum.

147 2369 200 2434 61.
222 2370 295 2433 Fine
319 2375 388 2433 anni
411 2386 566 2433 excessere
589 2374 722 2450 insignes
741 2373 797 2432 viri
815 2371 935 2432 Asinius
953 2370 1091 2449 Agrippa,

73 2461 170 2522 claris
192 2460 355 2522 maioribus
374 2478 462 2539 quam
481 2461 606 2522 vetustis
624 2462 742 2539 vitaque
760 2477 820 2520 non
843 2458 985 2537 degener,
1009 2465 1039 2516 et
1058 2456 1091 2526 Q.

81 2549 234 2629 Haterius,
252 2548 361 2609 familia
380 2550 541 2628 senatoria,
560 2546 758 2626 eloquentiae,
782 2546 879 2625 quoad
902 2547 988 2624 vixit,
1017 2543 1092 2604 cele·

77 2637 198 2698 ·bratae:
212 2639 392 2698 monimenta
407 2638 508 2716 ingeni
523 2638 588 2696 eius
602 2636 680 2696 hand
694 2635 819 2714 perinde
833 2635 1008 2694 retinentur.
1037 2633 1092 2692 sci-

79 2723 154 2786 licet
168 2727 283 2804 impetu
301 2727 394 2805 magis
413 2736 501 2804 qnam
520 2736 591 2785 cura
605 2723 735 2803 vigebat3
753 2731 847 2801 utque
861 2721 987 2783 aliorum
1000 2720 1091 2781 medi·
1106 2735 1119 2776 a

79 2814 156 2874 tatio
175 2819 205 2873 et
217 2812 301 2875 labor
314 2816 345 2874 in
359 2821 512 2892 posterum
527 2812 660 2890 valescit,
680 2813 723 2871 sic
737 2810 850 2870 Haterii
864 2825 1005 2871 canorum
1018 2809 1090 2870 illud

79 2908 113 2963 et
126 2900 278 2981 profluens
293 2917 361 2962 cum
374 2903 440 2980 ipso
455 2900 544 2962 simul
558 2903 722 2961 extinctum
736 2905 790 2960 est.

145 2986 197 3052 62.
225 2989 262 3050 ll.
281 2988 395 3050 Licinio
415 2989 446 3050 L.
466 2989 625 3068 Calpurnio
649 2987 823 3049 consulibus
845 2989 1011 3066 ingentium
1033 2984 1093 3044 bel·

80 3078 180 3140 lorum
194 3076 307 3139 cladem
322 3080 457 3157 aequavit
471 3077 580 3139 malum
590 3079 788 3155 inprovisum:
801 3075 866 3137 eius
876 3078 993 3136 initium
1005 3070 1093 3133 simul

79 3175 111 3227 et
126 3167 194 3227 linis
209 3167 332 3228 exstitit.
355 3184 423 3227 nam
437 3172 542 3245 coepto
557 3166 634 3244 apud
650 3164 790 3225 Fidenam
806 3161 1022 3242 amphitheatro
1032 3158 1092 3218 dti-

79 3255 140 3316 lius
160 3254 280 3334 quidam
298 3250 431 3315 libertini
450 3255 584 3336 generis,
604 3271 663 3332 quo
682 3251 884 3331 spectaculum
899 3248 1093 3328 gladiatorum

55 3445 58 3452 ,
151 3386 200 3456 to,
211 3395 244 3443 17
258 3385 384 3442 animum
396 3387 531 3442 Pictam:
546 3385 633 3441 animi
648 3384 747 3452 (animi
761 3399 791 3439 se
806 3384 907 3449 zituar)
925 3383 928 3449 Ι
944 3380 1016 3449 60,2
1030 3396 1094 3450 pro-

80 3459 216 3515 cidebant
234 3458 330 3516 Haase
345 3463 349 3526 Ι
366 3465 382 3514 8
397 3458 516 3512 aberant
531 3459 535 3526 1
553 3463 586 3512 16
604 3455 719 3525 pronior
736 3456 849 3510 Ernesto
864 3452 981 3507 malebat
996 3453 1001 3520 Ι
1016 3452 1062 3519 61,
1078 3457 1094 3506 1

79 3529 223 3601 insigniat
240 3536 256 3584 3
275 3546 331 3597 qua
350 3528 393 3596 sd,
412 3531 452 3584 sie
470 3531 532 3584 a'tem
551 3533 577 3593 6,
596 3533 640 3593 51,
660 3531 696 3582 12
713 3527 717 3599 Ι
733 3526 779 3593 62,
799 3530 814 3579 3
834 3521 1043 3591 amphitheatri
