2392 3876
228 267 231 272 ³
246 202 294 255 AB
312 201 472 256 EXCESSU
489 201 645 257 AUGUSTI
663 200 737 259 XIII.
755 207 868 258 48—54.
995 201 1061 267 279

54 369 106 412 uos
121 358 204 412 extra
219 351 353 411 ordinem
362 349 536 431 redderent,
551 350 694 411 militibus
704 352 875 412 immundas
886 358 1063 431 servaretur,
1077 364 1090 405 5

54 442 113 499 nisi
131 443 162 501 in
183 441 234 520 iis,
258 456 332 518 quae
351 456 425 500 veno
445 446 630 520 exercerent3
649 438 764 517 aliaque
784 437 942 499 admodum
961 456 1063 518 aequa,

55 546 130 606 quae
145 528 230 589 brevi
248 534 375 608 servata,
395 527 463 587 dein
486 527 596 588 frustra
614 526 714 588 habita
733 534 810 588 sunt.
847 533 946 587 manet
964 535 1064 587 tamen

55 615 172 677 abolitio
201 616 461 696 quadragensimo
488 608 828 695 quinquagensimaeque
856 622 886 675 et
910 633 984 694 quae
1008 614 1064 675 alia

55 705 258 766 exactionibus
271 703 393 764 inlicitis
407 705 525 764 nomina
539 703 691 782 publicani
700 706 882 765 invenerant.
901 710 1064 785 temperata

55 792 132 871 apud
147 795 357 854 transmarinas
370 794 537 871 provincias
552 792 693 854 lrumenti
707 790 872 871 subvectio,
891 799 921 853 et
939 809 977 852 ne
995 809 1063 852 cen·
1077 807 1105 846 ro

55 881 137 942 sibus
152 884 366 960 negotiatorum
380 899 469 940 naves
479 879 720 941 adscriberentur
728 880 932 958 tributumque
942 898 996 958 pro
1006 880 1065 940 illis

55 969 232 1049 penderent,
245 971 447 1030 constitutum.
752 1044 754 1050 Ι

122 1054 173 1118 52.
197 1057 332 1118 Ileos‘ex
354 1058 505 1137 provincia
530 1056 640 1136 AlrIca,
663 1059 715 1135 qui
738 1057 950 1136 proconsulare
973 1059 1064 1135 impe·

55 1148 134 1208 rbum
157 1145 217 1207 ilbc
240 1144 417 1225 habuerant,
441 1143 605 1222 Sudpiclum
628 1144 816 1205 Camerinum
839 1152 869 1206 et
891 1144 1066 1223 Pompeium

56 1234 206 1295 Silvanum
229 1233 353 1295 absolvit
372 1232 492 1312 Caesar,
513 1232 700 1292 Camerinum
721 1233 862 1294 adversus
883 1236 1014 1312 privatos
1035 1240 1066 1295 et

54 1341 177 1404 paucos,
197 1325 334 1384 saevitiae
354 1323 445 1400 magis
465 1339 552 1399 quam
567 1328 720 1399 captarum
733 1324 928 1400 pecuniarum
941 1323 1066 1382 crimina

56 1410 227 1471 obicientes.
257 1410 407 1470 Silvanum
426 1427 530 1487 magna
548 1410 592 1469 vis
607 1416 812 1470 accusatorum
828 1412 1091 1470 circumsteterats

56 1498 254 1579 poscebatque
269 1506 387 1577 tempus
402 1497 618 1558 evocandorum
632 1500 766 1559 testium:
781 1516 850 1558 reus
864 1497 932 1558 ilico
947 1497 1066 1558 delendi
1099 1508 1102 1514 ’

55 1587 230 1666 postulabat.
267 1587 415 1666 valuitque
434 1587 594 1665 pecuniosa
618 1585 744 1647 orbitate
768 1594 798 1646 et
821 1593 953 1666 senecta,
977 1604 1065 1665 quam

56 1676 135 1736 ultra
148 1678 237 1736 vitam
250 1693 355 1736 eorum
368 1675 521 1754 produxit,
537 1692 663 1753 quorum
677 1675 790 1735 ambitu
804 1681 945 1736 evaserat.

123 1760 174 1826 53.
198 1762 321 1834 Quietae
343 1763 427 1823 adid
447 1772 563 1841 tempus
582 1763 680 1823 resia
699 1762 854 1824 Germania
873 1764 1003 1842 lucrant,
1021 1765 1065 1822 in··

57 1854 144 1931 genio
159 1851 281 1931 ducum,
301 1854 352 1931 qui
370 1851 550 1930 pervulgatis
569 1850 713 1929 triumphi
730 1851 897 1930 insignibus
916 1853 1010 1911 maius
1029 1869 1066 1911 ex

57 1959 92 2001 eo
102 1941 193 2002 decors
204 1939 369 2020 sperabant,
385 1942 408 2000 si
423 1957 525 2018 pacem
541 1941 801 2000 continuavissent.
825 1939 965 2000 Paulinus
979 1939 1065 1999 Pom·

56 2033 142 2110 peius
161 2037 190 2091 et
208 2029 240 2089 b.
255 2027 346 2089 Vetus
365 2047 398 2088 ea
417 2035 592 2106 tempestate
611 2030 755 2089 exercitui
774 2036 938 2107 praeerant.
967 2046 1004 2088 ne
1023 2035 1065 2088 ta-

56 2137 123 2179 men
141 2136 261 2196 segnem
281 2117 404 2177 militem
422 2119 595 2198 attinerent,
613 2116 663 2177 ille
681 2117 851 2178 iucboatum
862 2124 937 2177 'aute
956 2123 1017 2177 tres
1037 2123 1093 2177 ete

57 2209 207 2284 sexaginta
226 2223 318 2266 annos
333 2223 349 2265 a
363 2205 458 2265 Druso
478 2223 615 2283 aggerem
634 2206 797 2266 coercendo
812 2204 914 2265 Rheno
934 2204 1066 2286 absolvit,

56 2294 149 2354 Vetus
171 2292 321 2355 Mosellam
344 2300 433 2372 atque
457 2295 582 2354 Ararim
605 2293 681 2354 lacta
704 2295 783 2354 inter
805 2301 965 2372 utrumque
989 2293 1091 2361 lossa,

56 2389 213 2444 conectere
235 2381 370 2462 parabat,
396 2389 430 2443 ut
458 2383 559 2460 copiae
582 2399 636 2460 per
659 2399 752 2461 mare,
781 2382 849 2442 dein
872 2381 1013 2441 Rhodano
1038 2388 1067 2440 et

56 2472 148 2532 Arare
163 2471 320 2532 subvectae
334 2489 389 2549 per
404 2488 468 2531 eam
488 2471 608 2550 lessam,
628 2488 695 2529 mox
709 2469 798 2530 lluvio
812 2468 931 2529 Mosella
945 2471 977 2529 in
991 2469 1066 2528 Rhe·

56 2577 142 2637 num,
161 2562 237 2618 exim
256 2558 407 2619 Oceanum
425 2558 632 2636 decurrerent,
656 2557 838 2636 sublatisque
857 2559 972 2617 itineris
992 2556 1066 2615 dilfi-
1081 2572 1107 2610 ιο

58 2644 218 2706 cultatibus
231 2645 405 2724 navigabilia
419 2648 498 2706 iuter
512 2664 544 2707 se
558 2645 728 2707 Occidentis
744 2645 1019 2724 Septentrionisque
1035 2645 1067 2705 li·

58 2743 123 2795 tura
145 2733 258 2794 fierent.
297 2733 401 2794 invidit
421 2736 506 2813 operi
525 2734 626 2795 Aelius
646 2733 771 2794 Gracilis
792 2732 925 2812 belgicae
945 2733 1067 2814 legatus,

57 2821 236 2883 deterrendo
251 2820 400 2902 Veterem,
419 2840 456 2882 nc
475 2821 606 2901 legiones
626 2822 737 2882 alienae
755 2822 924 2899 provinciae
942 2823 1068 2883 inferret

58 2910 215 2989 studiaque
234 2908 393 2970 Galliarum
412 2909 585 2990 adsectaret,
605 2910 827 2972 formidolosum
846 2909 876 2970 id
895 2911 1067 2990 imperatori

56 3000 210 3079 dictitans,
226 3015 283 3076 quo
297 2997 472 3078 plerumque
487 2999 682 3077 probibentur
696 3007 820 3060 conatus
834 3000 960 3059 bonesti.
1082 3008 1108 3051 15

124 3084 176 3148 54.
196 3085 334 3146 Ceterum
349 3088 489 3147 contiuuo
503 3089 687 3148 exercituum
701 3089 761 3148 otlo
776 3088 852 3147 lama
867 3088 989 3147 incessit
1004 3103 1066 3147 ere·

128 3259 174 3325 51,
194 3263 210 3312 6
228 3255 273 3311 his
290 3259 293 3324 Ι
310 3262 326 3312 8
340 3251 643 3335 quadringentesimee,
662 3274 709 3312 nu.
726 3256 828 3312 Puteal.
845 3257 849 3323 l
866 3262 881 3310 9
896 3254 1068 3310 exaucbioni·

56 3326 122 3394 bus,
141 3344 188 3384 em.
208 3327 360 3382 Rhenanus
376 3328 380 3394 Ι
399 3331 430 3379 11
449 3325 622 3406 tributumve
644 3327 741 3383 Wurm
766 3329 770 3394 Ι
795 3327 840 3393 bi,
860 3333 876 3406 β
899 3325 1067 3400 babuerunt,
1164 3392 1168 3400 Ι

56 3415 105 3454 em.
131 3398 283 3480 Rbenonm
306 3401 310 3467 Ι
336 3395 505 3466 supplicrum
532 3395 701 3452 camelianum
725 3400 730 3467 Ι
753 3395 917 3480 Pompeaum
939 3395 1067 3464 Iapetus:

56 3467 1068 3612 tttttturutfttttttltalitaaliattttlttlnttdtla
