2392 3876
117 178 183 242 206
467 177 637 232 CORNELII
653 176 772 232 uacui

116 328 147 386 in
166 327 295 405 patrium
313 335 508 406 nostrumque
526 344 639 387 morem
658 327 814 386 exercitus
847 326 938 404 igitur
952 325 1061 386 Caesar
1075 345 1129 387 au·

116 423 198 475 ctum
220 417 358 495 pecunia,
382 414 489 476 additis
512 414 718 494 stipatoribus,
740 414 878 474 hortatur
899 413 1009 493 gentile
1032 414 1128 475 decus

116 522 221 583 magno
244 506 341 564 auimo
364 521 533 582 capessere:
555 502 639 563 illum
661 504 791 582 primum
813 501 922 563 Romae
944 509 1045 562 ortum
1069 521 1126 564 nec

116 591 261 672 obsidem,
285 593 337 653 sed
359 595 454 653 civem
476 593 520 653 ire
543 599 699 652 externum
717 590 753 652 ad
771 592 938 669 imperium.
974 609 1008 651 ac
1026 593 1127 669 primo

76 696 102 735 ιο
116 679 211 742 laetus
229 681 384 741 Germanis
405 680 548 741 adrentus
570 689 659 759 atque
682 698 731 759 eo,
753 680 832 758 quod
855 678 944 740 nullis
967 679 1127 740 discordiis

116 769 248 830 imbutus
266 771 332 848 pari
348 771 380 829 in
399 785 502 828 omnes
521 766 620 828 studio
639 776 752 848 ageret,
771 766 928 849 celebrari,
947 767 1017 846 coli,
1035 769 1128 828 modo

115 860 284 918 comitatem
298 864 329 917 et
341 857 579 937 temperantiam,
593 855 669 916 nulli
682 858 789 937 inrisa,
803 858 921 935 saepius
935 855 1127 917 vinolentiam

115 963 150 1006 ac
167 945 318 1025 libidines,
337 953 420 1023 grata
438 943 573 1005 barbaris
577 962 762 1027 ,usurpans
794 946 911 1024 iamque
930 945 1007 1024 apud
1025 948 1128 1024 proxi-

116 1051 193 1113 mos,
211 1034 270 1093 iam
283 1032 401 1111 longius
415 1032 592 1113 clarescere,
610 1051 679 1094 cum
697 1035 858 1111 potentiam
873 1035 938 1094 eius
952 1041 1127 1111 suspectan-

75 1137 101 1177 ιο
114 1129 160 1182 tes
164 1123 240 1201 ,qui
253 1120 431 1182 factionibus
444 1121 620 1203 lloruerant,
638 1121 796 1183 discedunt
809 1120 845 1182 ad
860 1123 1060 1182 conterminos
1074 1140 1127 1201 po

114 1169 200 1288 pul'os
214 1227 249 1270 ac
262 1217 321 1270 test
308 1193 460 1271 tilicantur
474 1210 564 1272 adimi
577 1218 707 1271 veterem
721 1209 894 1271 Germaniae
912 1209 1082 1270 libertatem
1096 1220 1128 1271 et

114 1299 260 1359 Romanas
279 1316 351 1377 opes
369 1300 534 1377 insurgere
566 1299 639 1360 adeo
657 1300 806 1359 neminem
819 1297 936 1359 isdem
928 1315 960 1359 m
973 1300 1064 1359 terris
1079 1318 1126 1359 or·

115 1395 192 1469 tum,
216 1389 268 1466 qui
286 1389 452 1467 principem
475 1387 573 1448 locum
595 1386 738 1468 impleat,
753 1388 813 1447 nisi
830 1385 1025 1465 exploratoris
1043 1386 1127 1448 Flavi

115 1479 272 1556 progenies
291 1495 382 1555 super
400 1484 523 1538 cunctos
541 1475 712 1537 attollatur?
733 1475 844 1536 irustra
858 1475 1023 1535 Arminium
1040 1493 1127 1554 prae-

75 1581 101 1620 ιο
116 1565 219 1627 scribi:
239 1568 325 1627 cuius
344 1568 370 1625 si
383 1565 462 1626 iilius
476 1564 577 1626 hostili
589 1567 622 1624 in
636 1563 699 1625 solo
713 1563 831 1624 adultus
844 1565 876 1624 iu
890 1581 1015 1642 regnum
1028 1567 1126 1625 venis·
1185 1615 1188 1620 .

116 1662 174 1736 set,
192 1672 280 1733 posse
294 1654 460 1734 extimesci,
478 1653 621 1714 iniectum
634 1652 785 1732 alimonio,
804 1654 938 1732 servitio,
953 1651 1049 1733 cultu,
1064 1670 1127 1713 om·

115 1743 204 1803 nibus
222 1743 367 1803 externis:
389 1748 420 1802 at
437 1743 464 1802 si
481 1748 604 1819 paterna
623 1740 724 1802 Italico
742 1759 828 1801 mens
845 1748 937 1820 esset,
954 1758 1015 1800 non
1032 1739 1126 1801 alium

115 1831 260 1892 infensius
278 1848 359 1890 arma
378 1836 481 1889 contra
498 1831 624 1907 patriam
643 1847 677 1890 ac
696 1829 766 1889 deos
780 1836 902 1907 penates
917 1847 1005 1908 quam
1018 1846 1126 1907 paren-

117 1927 177 1979 tem
191 1921 256 1978 eius
270 1919 448 1979 exercuisse.
970 1965 972 1969 a

184 2005 233 2066 17.
256 2005 310 2066 llis
328 2012 416 2083 atque
435 2004 543 2065 talibus
562 2022 682 2084 magnas
699 2007 799 2083 copias
818 2011 955 2086 coegere,
979 2023 1034 2066 nec
1053 2024 1127 2084 pau·

115 2095 211 2154 ciores
225 2092 360 2154 italicum
374 2092 585 2171 sequebantur.
611 2095 766 2154 nonenim
784 2095 933 2172 inrupisse
951 2094 987 2154 ad
1006 2096 1126 2176 invitos,

115 2181 167 2242 sed
188 2182 314 2242 accitum
332 2180 525 2261 memorabat,
544 2180 660 2260 quando
679 2180 832 2242 nobilitate
850 2189 966 2242 ceteros
984 2184 1127 2244 anteiret:

114 2272 255 2330 virtutem
269 2271 484 2350 experirentur,
499 2287 536 2329 an
550 2269 672 2348 dignum
685 2287 718 2330 se
731 2277 838 2349 patruo
851 2269 993 2351 Arminio,
1006 2289 1061 2331 avo
1070 2270 1126 2332 dc-

88 2366 231 2420 atumero
249 2357 415 2438 praeberet.
447 2376 503 2419 nec
521 2364 635 2437 patrem
652 2358 769 2439 rubori,
788 2358 867 2437 quod
880 2359 968 2419 iidem
982 2359 1127 2420 adversus

114 2447 261 2508 Romanos
275 2445 442 2507 volentibus
456 2446 611 2507 Germanis
625 2454 772 2525 sumptam
786 2464 947 2526 numquam
967 2448 1127 2508 omisisset.

7 2593 10 2598 .
115 2536 187 2598 lalso
202 2536 347 2597 libertatis
361 2534 536 2596 vocabulum
549 2534 672 2596 obtendi
689 2534 725 2595 ab
744 2537 794 2615 iis,
813 2538 865 2614 qui
883 2537 1020 2613 privatim
1038 2535 1126 2614 dege-

115 2643 216 2705 neres,
230 2627 262 2686 in
275 2624 432 2705 publicum.
443 2626 573 2704 exitiosi,
591 2623 665 2684 nibil
679 2624 744 2702 spei
758 2625 815 2684 nisi
828 2641 883 2702 per
897 2623 1060 2684 discordias
1074 2622 1126 2684 ba-

115 2712 212 2774 beant.
234 2713 423 2791 adstrepebat
432 2712 503 2774 buic
513 2712 609 2774 alacre
622 2711 741 2792 vulgus3
756 2719 786 2773 et
799 2729 906 2790 magno
919 2719 954 2773 ut
966 2714 1045 2772 inter
1058 2711 1126 2772 bar-

75 2817 100 2855 1o
114 2798 202 2860 baros
216 2800 329 2877 proelio
345 2803 439 2862 victor
453 2819 519 2882 rex,
538 2801 606 2861 dein
625 2800 754 2861 secunda
773 2800 890 2860 iortuna
905 2800 942 2860 ad
956 2799 1126 2879 superbiam

115 2887 269 2966 prolapsus
291 2887 469 2968 pulsusque,
493 2906 527 2949 ac
551 2905 657 2949 rursus
675 2887 935 2966 Langobardorum
954 2887 1061 2967 opibus
1079 2906 1125 2950 re·

115 2969 223 3058 lectus,
238 2993 292 3054 per
306 2975 381 3036 laeta
395 2994 450 3054 per
464 2976 585 3036 adversa
600 2993 649 3036 res
664 2974 829 3038 Cheruscas
843 2975 1018 3038 adflictabat.

184 3062 232 3127 18.
251 3063 308 3125 Per
322 3063 401 3125 idem
415 3071 533 3142 tempus
548 3063 671 3144 Chauci,
690 3064 771 3126 nulla
786 3065 969 3126 dissensione
984 3065 1077 3146 domi,
1096 3074 1128 3126 et

115 3161 210 3214 morte
230 3151 385 3231 Sanquinii
402 3151 528 3231 alacres,
551 3152 621 3214 dum
640 3151 767 3214 Corbulo
787 3153 935 3234 adventat,
954 3153 1128 3215 inferiorem

186 3305 403 3386 leucocoum]
419 3305 554 3373 augustus
570 3309 575 3368 Ι
593 3308 626 3357 18
640 3304 721 3358 Flevi
738 3304 833 3360 Orelli:
852 3303 931 3385 {labii
946 3307 951 3372 Ι
967 3305 1129 3360 turonicae

114 3392 205 3445 posse
216 3375 389 3443 Testimesei,
409 3392 457 3430 em.
471 3375 622 3430 Rhenanus
638 3384 642 3443 t
658 3380 692 3429 22
708 3376 739 3430 at
751 3391 856 3444 marpoa
871 3374 900 3429 ai
916 3379 921 3444 Ι
938 3376 982 3445 ll,
992 3383 1130 3431 amomo

114 3446 430 3515 rabnntltcatumero,
446 3462 493 3502 θοι.
506 3447 648 3501 Mutum
650 3447 715 3496 441
737 3445 827 3484 anun
844 3447 879 3487 ¹⁰
901 3446 922 3484 ¹4
937 3448 993 3484 ’4”’4
1016 3445 1051 3484 4·“
1039 3448 1132 3518 psius

117 3516 121 3589 Ι
143 3518 186 3583 18,
208 3517 332 3589 inulla]
351 3516 431 3571 mihn
