2392 3876
270 212 319 267 AB
337 211 498 269 DXODSSU
515 211 672 269 AUGUSTI
689 214 739 271 VI.
755 219 868 270 21—25.
1003 213 1066 281 181

60 363 184 443 sineret,
203 377 263 423 uon
277 359 398 423 erubuit
410 363 584 441 permittere
598 360 736 441 ultroque
750 365 887 423 incusare
901 381 1001 445 casus,
1016 365 1068 444 qui

58 468 144 511 reum
163 448 370 530 abstulissent,
390 456 547 529 antequam
565 467 664 510 coram
683 453 922 513 convinceretur:
954 451 1093 513 sciliceta

58 538 156 599 medio
176 540 303 599 triennio
318 537 454 599 defuerat
467 545 585 616 tempus
599 536 747 599 subeundi
760 539 904 601 iudicium
918 539 1068 601 consulari

58 629 135 710 seni,
158 635 203 688 tot
225 625 428 694 consularium
446 628 571 706 parenti.
598 625 713 687 Drusus
732 625 838 688 deinde
859 629 1068 710 exstinguitur,

58 733 126 776 cum
149 732 182 776 se
204 715 382 777 miserandis
405 713 566 794 alimentis,
589 714 754 776 mandendo
777 733 794 776 e
817 715 908 777 cubili
926 723 1067 797 tomento,

58 821 170 864 nonum
189 804 224 864 ad
244 803 321 864 diem
340 803 525 865 detinuisset.
549 803 697 864 tradidere
716 803 836 883 quidam
848 806 1067 884 praescriptum

59 894 150 953 luisse
165 890 311 971 Macroni,
330 893 357 951 si
374 909 455 951 arma
473 890 510 951 ab
530 889 636 952 Seiano
651 899 881 973 temptarentur,
900 899 1066 954 extractum
1080 914 1106 954 ro

59 979 212 1040 custodiae
235 980 372 1039 iuvenem
391 973 474 1061 (nam
492 980 524 1039 in
542 977 653 1040 Palatio
672 973 867 1062 attinebatur)
888 980 994 1041 ducem
1012 997 1066 1060 po-

59 1066 129 1145 pulo
152 1068 313 1145 imponere.
355 1084 437 1147 mox,
462 1068 531 1146 quia
553 1084 656 1128 rumor
674 1068 830 1129 incedebat
848 1068 911 1130 iore
924 1076 964 1130 ut
987 1087 1066 1130 nuru

59 1173 92 1215 ac
111 1157 213 1234 nepoti
226 1154 436 1216 conciliaretur
450 1154 570 1235 Caesar,
589 1157 739 1217 saevitiam
753 1174 841 1235 mam
855 1159 1066 1236 paenitentiam

57 1243 168 1304 maluit.

125 1329 177 1392 24.
205 1331 284 1402 Quin
311 1340 341 1394 et
368 1333 503 1393 invectus
533 1332 565 1392 in
591 1331 765 1392 defunctum
791 1332 900 1410 probra
923 1336 1067 1414 eorporis,

59 1418 237 1480 exitiabilem
260 1423 291 1480 in
314 1437 397 1500 suos,
421 1419 570 1480 insensum
593 1419 790 1498 reipublicae
809 1423 939 1481 animum
958 1421 1067 1483 obiecit

60 1508 238 1585 recitarique
266 1507 413 1568 factorum
436 1506 643 1586 dictorumque
667 1509 731 1568 elus
754 1507 903 1587 descripta
925 1525 981 1586 per
1003 1509 1067 1569 dies

59 1596 156 1674 iussit,
171 1612 230 1673 quo
244 1611 303 1655 non
319 1593 397 1655 aliud
412 1596 542 1655 atrocius
556 1596 665 1656 visum:
684 1594 833 1655 adstitisse
847 1603 893 1656 tot
901 1612 956 1674 per
965 1613 1067 1676 annos,

60 1685 112 1762 qui
127 1682 254 1763 vultum,
272 1685 412 1763 gemitus,
427 1681 577 1743 occultum
591 1685 678 1743 etiam
693 1701 828 1745 murmur
842 1685 1022 1764 exciperent,
1036 1691 1093 1745 ets

59 1773 192 1850 potuisse
207 1789 293 1832 avum
308 1771 423 1851 audire,
437 1771 546 1853 legere,
558 1772 590 1831 in
604 1770 755 1851 publicum
769 1789 907 1852 promere
921 1773 969 1831 vix
984 1773 1065 1852 fides,

59 1861 117 1920 nisi
141 1858 219 1938 quod
239 1860 311 1920 Attii
333 1861 517 1920 centurionis
540 1867 571 1920 et
588 1858 705 1940 Didymi
722 1858 823 1922 liberti
841 1860 985 1940 epistulae
1005 1878 1066 1922 ser-

59 1965 163 2008 vorum
186 1950 305 2009 nomina
328 1946 547 2029 praeferebant,
569 1956 604 2009 ut
623 1950 690 2027 quis
708 1949 911 2027 egredientem
929 1947 1066 2011 cubiculo

59 2034 188 2097 Drusum
200 2032 388 2117 pulsaverat,
407 2043 600 2097 exterruerat.
643 2039 731 2097 etiam
750 2055 803 2120 sua
822 2036 911 2098 verba
930 2040 1066 2099 centurio

60 2125 197 2184 saevitiae
224 2124 324 2205 plena,
352 2133 501 2204 tamquam
529 2127 693 2206 egregium,
726 2143 872 2205 vocesque
900 2126 1065 2202 deficientis
1080 2144 1106 2185 10

59 2212 220 2293 adiecerat,
244 2215 311 2291 quis
333 2215 429 2291 primo
449 2204 668 2290 [alienationem
682 2216 791 2274 mentis
806 2213 961 2292 simulans]
981 2216 1066 2294 quasi

59 2318 114 2378 per
133 2299 311 2361 dementiam
330 2301 447 2361 funesta
465 2300 593 2383 Tiberio,
611 2320 689 2383 mox,
707 2301 759 2362 ubi
782 2320 888 2381 exspes
907 2305 982 2363 vitae
1001 2304 1065 2385 luit,

60 2388 214 2449 meditatas
224 2391 460 2468 compositasque
470 2389 550 2450 diras
563 2389 782 2472 inprecabatur,
795 2398 838 2472 ut,
853 2408 941 2470 quem
955 2390 991 2451 ad
1006 2409 1065 2451 mo·

60 2476 131 2537 dum
149 2494 259 2537 nurvvm
277 2477 428 2556 filiumque
446 2476 547 2538 fratris
566 2484 596 2537 et
614 2485 737 2556 nepotes
756 2478 934 2557 domumque
949 2496 1066 2539 ornnem

59 2563 199 2626 caedibus
222 2565 443 2643 complevisset,
466 2566 507 2625 ita
529 2582 639 2644 poenas
661 2568 775 2625 nomini
793 2568 954 2644 generique
978 2567 1065 2626 maio·
1080 2581 1107 2623 rs

59 2671 127 2714 rum
146 2661 176 2714 et
193 2656 322 2732 posteris
337 2651 511 2714 exsolveret.
540 2651 739 2714 obturbabant
752 2653 872 2732 quidem
886 2660 986 2732 patres
1001 2670 1065 2733 spe·

58 2744 104 2802 cie
124 2741 302 2803 detestandi:
326 2741 377 2802 sed
396 2740 570 2820 penetrabat
587 2758 679 2820 pavor
693 2748 723 2802 et
740 2741 908 2822 admiratio,
928 2741 1065 2803 caDidum

59 2829 129 2890 olim
140 2837 170 2890 et
179 2830 313 2907 tegendis
324 2828 487 2891 sceleribus
497 2829 657 2890 obscurum
666 2828 726 2890 hnc
735 2829 930 2891 confidentiae
941 2833 1066 2911 venisse,

58 2925 92 2979 ut
111 2925 260 2997 tamquam
279 2917 398 2978 dimotis
416 2917 580 2997 parietibus
595 2918 765 2980 ostenderet
779 2925 918 2999 nepotem
932 2919 988 2980 sub
1002 2937 1066 2981 ver-

58 3004 131 3067 bere
154 3008 351 3088 centurionis,
374 3008 453 3067 inter
477 3024 631 3068 servorum
654 3009 732 3068 ictus
760 3014 892 3069 extrema
915 3010 992 3069 vitae
1015 3007 1065 3068 ali·
1079 3021 1106 3064 eo

57 3102 156 3155 menta
171 3096 281 3155 trustra
295 3101 436 3156 orantem

125 3180 176 3245 25.
201 3184 337 3244 Nondum
355 3185 381 3244 ls
399 3183 484 3244 dolor
501 3183 680 3265 exoleverat,
700 3202 768 3245 cum
786 3183 823 3244 de
837 3183 998 3263 Agrippina
1016 3199 1066 3245 au·

129 3333 175 3402 2⁸,
194 3340 211 3390 8
233 3336 390 3390 tomentum
408 3335 499 3392 uterer
526 3336 601 3391 baud
626 3338 683 3392 ecio
708 3353 747 3391 ao
772 3340 854 3402 reete,
880 3352 905 3391 e.
924 3334 1067 3390 Androneo

56 3405 180 3460 Jalvresb.
200 3409 272 3461 1874
286 3423 316 3475 p.
336 3412 373 3462 78
390 3424 418 3463 a.
438 3405 537 3474 5124,
557 3411 590 3477 lt
622 3405 704 3462 alien.
725 3422 761 3461 m.
781 3404 929 3476 simulans]
947 3405 1066 3470 Badrdt,

56 3476 109 3530 alii
122 3491 163 3531 oo.
179 3475 261 3543 qussi
274 3493 324 3546 per
338 3476 508 3532 dementiam
522 3491 578 3547 pro
594 3483 748 3547 posaemote
765 3478 865 3534 debeat
879 3480 884 3547 1
902 3482 934 3530 14
948 3477 1065 3546 nepotes

54 3547 186 3602 necasset
203 3545 370 3615 domumque
389 3548 483 3603 Ritter
