2392 3876
129 168 195 234 234
478 167 645 224 CORNELII
662 166 781 229 dudm

127 318 294 379 timauduae
313 320 432 396 reginae
450 317 623 396 Brigantum
641 319 808 398 petivisset,
827 318 944 380 vinctus
964 335 1000 378 ac
1021 320 1144 381 victori·

126 407 184 468 bus
202 407 329 468 traditus
348 415 406 487 est,
424 425 502 468 nouo
521 415 589 485 post
603 425 692 486 anuo,
711 425 800 485 quam
815 405 924 466 bellum
938 408 971 465 iu
985 406 1144 468 Britannia

127 503 273 574 coeptum.
309 496 387 557 unde
405 495 481 556 lama
504 497 569 556 cius
592 503 691 556 evecta
714 493 826 555 insulas
848 501 878 554 et
901 496 1059 572 proximas
1076 515 1143 575 pro-

100 586 239 646 sviucias
252 592 407 663 pervagata
426 602 479 662 per
493 583 605 644 ltaliam
624 602 742 663 quoque
761 582 980 663 celebrabatur,
1000 583 1143 646 avebant·

127 692 185 754 que
204 675 313 754 visere,
336 675 403 751 quis
421 672 470 732 ille
488 679 533 732 tot
550 690 604 750 per
622 690 715 733 anuos
736 690 807 751 opes
828 680 944 732 nostras
966 675 1144 751 sprevisset.

128 780 165 822 ne
183 761 292 822 Romae
312 761 431 840 quidem
448 759 577 838 ignobile
595 759 729 822 Carataci
750 778 859 822 nomeu
881 767 956 840 erat3
980 767 1011 821 et
1032 761 1145 824 Caesar

127 851 198 912 dum
221 868 308 910 suum
330 849 422 910 decus
445 847 570 929 extollit,
597 848 710 910 addidit
738 849 860 927 gloriam
883 850 970 911 victo.
992 845 1144 912 'vocatus

128 941 237 1019 quippe
251 946 286 998 ut
299 936 334 997 ad
353 939 468 1015 insigne
487 937 689 1015 spectaculum
707 936 848 1017 populus:
867 946 976 998 stetere
995 939 1029 998 in
1049 943 1144 1001 armis

88 1045 113 1085 ro
127 1028 292 1106 praetoriae
311 1025 448 1086 cohortes
466 1043 586 1106 campo,
604 1029 656 1105 qui
673 1035 770 1088 castra
787 1028 942 1106 praeiacet
969 1032 1046 1088 tunc
1061 1030 1145 1090 iuce-

127 1114 266 1176 deutibus
293 1116 384 1193 regiis
411 1113 556 1175 clientelis
579 1115 724 1195 phalerae,
746 1123 869 1194 torques
892 1131 1028 1193 quaeque
1052 1115 1145 1178 bellis

127 1204 257 1264 externis
272 1205 458 1282 quaesiverat
471 1203 618 1278 traducta,
632 1222 701 1264 mox
714 1205 822 1265 fratres
836 1211 865 1264 et
880 1205 1009 1264 coniunx
1025 1211 1058 1266 et
1072 1205 1145 1287 fllia,

126 1300 276 1372 postremo
291 1295 354 1372 ipsc
368 1298 542 1354 ostentatus.
571 1301 738 1354 ceterorum
756 1310 861 1371 preces
874 1292 1039 1369 degeneres
1054 1293 1145 1356 lucre

128 1400 163 1442 ex
182 1389 276 1442 metu:
296 1389 325 1442 at
343 1398 402 1441 uon
417 1380 574 1443 Caratacus
592 1389 643 1442 aut
660 1380 742 1442 vultu
760 1381 889 1441 demisso
904 1387 955 1440 aut
968 1379 1072 1443 verbis
1086 1387 1145 1445 mi-

88 1487 113 1526 15
128 1470 319 1531 sericordiam
332 1471 502 1551 requirens,
516 1469 569 1532 ubi
581 1469 722 1532 tribunali
736 1469 862 1550 adstitit,
876 1471 907 1529 iu
920 1467 1000 1528 huuc
1015 1471 1146 1532 modum

127 1559 243 1621 locutus
258 1567 312 1620 est.

194 1645 246 1711 37.
262 1643 310 1708 ‘Si
325 1655 433 1726 quauta
447 1647 584 1708 nobilitas
598 1656 629 1708 et
642 1647 761 1708 fortuna
774 1646 848 1706 mihi
861 1647 925 1727 luit,
938 1653 1020 1707 tanta
1035 1666 1146 1711 rerum

128 1754 338 1816 prosperarum
352 1736 515 1796 moderatio
528 1736 642 1815 tusset,
656 1738 769 1796 amicus
782 1737 881 1813 potius
895 1737 926 1795 iu
940 1733 1015 1795 banc
1030 1736 1145 1799 urbem

128 1843 216 1904 quam
231 1833 334 1904 captus
348 1825 507 1904 venissem,
525 1842 622 1902 neque
640 1824 816 1902 dedignatus
834 1821 1027 1884 essesclaris
1048 1828 1144 1887 maio·

127 1913 211 1974 ribus
225 1922 332 1993 ortum,
346 1911 482 1991 pluribus
490 1913 628 1990 gentibus
637 1914 855 1990 imperitantem
864 1911 983 1974 loedere
991 1913 1022 1971 iu
1033 1930 1144 1991 pacem

45 2035 48 2040 ·
99 2019 113 2059 c
128 2004 270 2080 accipere.
294 2018 435 2079 praescus
449 2018 513 2061 sors
527 2018 593 2061 mea
606 2007 640 2062 ut
652 2000 725 2060 mihi
738 2000 884 2081 informis,
899 2002 942 2061 sic
956 1999 1011 2060 tibi
1024 2007 1143 2080 magui-

128 2092 183 2150 lica
197 2097 250 2150 est.
278 2088 368 2160 habui
382 2106 474 2166 equos
487 2090 579 2168 viros,
598 2107 679 2149 arma
693 2107 778 2168 opes:
793 2088 864 2167 quid
878 2091 998 2168 mirum,
1017 2091 1046 2150 si
1065 2091 1142 2154 haec

127 2179 237 2239 invitus
251 2173 357 2236 amisi?
379 2193 447 2237 nam
462 2178 488 2238 si
501 2194 553 2237 vos
571 2176 710 2238 omuibus
728 2178 898 2256 imperitare
917 2175 1018 2258 vultis,
1038 2183 1142 2258 sequi·

111 2275 177 2330 tur
192 2273 225 2326 ut
239 2283 342 2326 omues
356 2266 528 2326 servitutem
538 2262 706 2344 accipiant?
719 2267 746 2327 si
755 2268 854 2327 statim
863 2265 981 2327 deditus
991 2265 1142 2349 traherer,

128 2373 224 2433 neque
234 2372 299 2414 mea
310 2354 427 2415 lortuua
436 2372 534 2434 neque
543 2361 593 2415 tua
604 2353 696 2432 gloria
705 2354 907 2436 inclaruisset;
917 2362 947 2415 et
956 2352 1141 2433 supplicium

88 2461 114 2500 io
127 2446 186 2504 mei
209 2442 316 2504 oblivio
340 2451 529 2522 sequeretur:
552 2449 583 2504 at
600 2445 627 2502 si
644 2441 823 2505 incolumem
840 2444 1018 2523 servaveris,
1041 2452 1140 2506 aeter·

127 2552 200 2594 uum
214 2531 362 2611 exemplar
376 2532 549 2593 clementiae
563 2527 635 2594 ero?
667 2532 703 2593 ad
718 2550 752 2592 ea
765 2530 873 2593 Cacsar
886 2533 1000 2593 veniam
1018 2532 1140 2611 ipsique

128 2630 158 2683 ct
181 2624 300 2700 coniugi
323 2630 352 2682 et
375 2620 516 2683 iratribus
542 2620 655 2682 tribuit.
701 2629 788 2699 atque
811 2619 854 2680 illi
876 2618 980 2681 vinclis
1008 2618 1141 2684 absoluti

126 2711 319 2789 Agrippinam
338 2728 467 2790 quoque,
486 2709 564 2770 haud
581 2709 687 2788 procul
704 2708 761 2770 alio
780 2716 922 2788 suggestu
936 2709 1140 2791 conspicuam,

126 2797 222 2857 isdem
241 2797 349 2876 quibus
366 2801 533 2877 principem
550 2797 687 2859 laudibus
704 2796 897 2876 gratibusque
910 2798 1043 2858 venerati
1056 2808 1139 2861 suut.

87 2901 113 2941 rs
127 2903 236 2946 novum
254 2903 324 2945 sane
344 2895 374 2946 et
391 2886 524 2946 moribus
542 2894 676 2947 veterum
692 2885 858 2966 insolitum,
880 2885 1019 2947 feminam
1042 2888 1139 2965 signis

128 2973 266 3034 Romanis
284 2974 467 3052 praesidere:
492 2976 556 3052 ipsa
575 2981 669 3034 semet
687 2975 765 3053 parti
784 2991 801 3035 a
819 2973 981 3036 maioribus
1000 2976 1063 3035 suis
1082 2976 1138 3036 im-

127 3064 203 3142 perii
218 3063 327 3123 sociam
341 3060 463 3121 ferebat.

194 3149 245 3212 38.
269 3149 368 3210 Vocati
390 3148 513 3228 posthac
530 3158 631 3230 patres
649 3150 740 3212 multa
760 3159 789 3212 et
808 3152 962 3231 magnifica
980 3169 1071 3231 super
1090 3171 1139 3213 ca-

198 3305 244 3374 86,
258 3311 275 3360 4
289 3302 412 3358 insulam
420 3301 556 3358 Heinsius
571 3303 576 3368 Ι
592 3309 626 3358 10
640 3304 701 3357 bum
709 3304 824 3360 Ermste'
838 3306 843 3373 Ι
859 3310 892 3359 11
907 3305 1021 3372 torques
1031 3303 1139 3361 wdec-

126 3377 194 3431 ieiu:
213 3374 361 3444 torquibus
381 3376 455 3442 (cum
471 3372 619 3442 torquibus
633 3374 734 3516 Ritteri
751 3377 755 3443 Ι
771 3375 817 3445 tt,
831 3380 849 3429 t
865 3372 897 3428 in
914 3390 1013 3442 pacem
1030 3374 1139 3432 Ddder-

126 3447 195 3501 let'uz
214 3462 342 3516 *paoem
357 3442 445 3514 (pacis
458 3442 586 3513 Lipsius)
601 3449 607 3514 Ι
623 3452 638 3500 ‘l
652 3461 719 3500 nam
745 3462 813 3500 num
860 3445 866 3459 '
905 3445 943 3500 'tte
958 3447 963 3514 Ι
978 3451 995 3501 8
1009 3445 1140 3502 traherer

125 3516 243 3572 Beata:
261 3517 388 3573 crederer
403 3518 408 3590 Ι
425 3521 457 3573 li
472 3514 594 3570 exsoluti
607 3515 730 3586 Iapetus
754 3515 834 3564 mlvii
876 3516 941 3559 aaa»
964 3516 999 3572 cf·
1014 3519 1139 3584 Μία.
