2392 3876
113 174 175 239 112
460 169 766 226 coaumnmcrm

110 323 214 383 vinciis
228 324 258 398 in
274 328 408 382 senatum
424 319 529 381 crebro
545 320 693 399 adsumpti
707 319 898 380 domesticam
910 320 1131 398 parsimoniam

110 410 287 491 intulerunt,
307 418 337 471 ct
357 427 534 489 quamquam
554 408 674 469 sortuna
691 408 738 468 vel
756 408 903 485 industria
921 406 1061 486 plerique
1077 429 1130 489 pe·

110 502 260 561 cuniosam
280 498 316 558 ad
336 505 486 558 senectam
505 499 708 578 pervenirent,
728 498 836 557 mansit
849 503 948 556 tamen
962 498 1047 573 prior
1064 501 1130 559 ani·

70 601 95 642 1⁶
111 606 185 649 mus.
215 587 266 648 sed
282 588 460 665 praecipuus
474 584 608 646 adstricti
621 586 713 645 moris
728 590 831 645 auctor
844 583 1044 663 Vespasianus
1060 587 1130 666 luit,

110 679 230 755 antiquo
245 679 308 753 ipse
324 674 406 734 cultu
421 676 568 752 victuque.
592 673 768 752 obsequium
781 673 850 734 inde
865 675 896 732 in
909 674 1082 753 principem
1099 684 1131 736 et

110 763 276 826 aemulandi
296 779 377 822 amor
398 761 520 822 validior
541 779 628 840 quam
649 779 745 839 poena
765 779 801 822 ex
824 760 940 839 legibus
963 768 992 822 et
1015 771 1129 824 metus.

110 855 167 914 nisi
183 854 259 912 torte
273 849 363 911 rebus
379 851 495 911 cunctis
510 851 587 910 inest
601 848 720 928 quidam
735 849 816 910 velut
829 849 918 931 orbis,
932 857 967 910 ut
981 868 1075 929 quem
1091 853 1130 914 ad

109 940 229 1001 modum
248 946 415 1017 temporum
439 939 531 1018 vices,
553 940 595 998 ita
617 955 733 998 morum
755 945 921 1020 certantum
937 956 1000 998 nec
1024 945 1130 1002 omnia

70 1042 96 1084 oo
110 1027 188 1108 apud
207 1028 323 1106 priores
342 1026 476 1106 meliora,
495 1025 547 1086 sed
567 1034 667 1086 nostra
687 1044 806 1106 quoque
825 1034 905 1087 aetas
920 1026 1012 1087 multa
1026 1027 1130 1090 laudis

111 1124 141 1178 et
160 1118 268 1176 artium
287 1114 428 1175 imitanda
447 1116 574 1192 posteris
589 1114 665 1175 tulit.
693 1132 796 1176 verum
814 1115 888 1175 haec
906 1113 991 1175 nobis
1010 1119 1045 1176 in
1062 1135 1129 1179 ma·

110 1207 190 1265 iores
205 1205 366 1264 certamina
380 1221 417 1263 cx
431 1203 556 1263 honesto
570 1210 714 1264 maneant.

177 1287 228 1353 56.
252 1290 389 1352 'liberius
413 1291 488 1352 lama
507 1292 716 1353 moderationis
734 1299 832 1373 parta,
855 1290 935 1370 quod
953 1293 1129 1370 ingruentis

111 1388 298 1443 accusatores
313 1388 505 1462 represserat,
524 1382 614 1441 mittit
632 1380 746 1440 litteras
766 1379 801 1440 ad
821 1387 968 1460 senatum,
988 1383 1057 1458 quis
1072 1400 1129 1460 po-

111 1477 247 1532 testatem
262 1468 451 1530 tribuniciam
465 1468 561 1530 Druso
575 1467 702 1548 petebat.
734 1467 764 1528 id
784 1470 892 1528 summi
909 1469 1019 1546 lastigii
1038 1488 1128 1532 voca-

110 1558 213 1621 bulum
228 1558 379 1638 Augustus
398 1560 543 1638 repperit,
563 1575 600 1618 ne
619 1559 698 1636 regis
717 1563 768 1617 aut
782 1555 935 1618 dictatoris
948 1574 1059 1618 nomen
1074 1561 1128 1620 ad-

84 1662 97 1703 s
112 1655 243 1710 sumeret
257 1665 290 1708 ac
305 1655 403 1708 tamen
418 1646 611 1726 appellatione
626 1645 722 1724 aliqua
741 1652 841 1708 cetera
855 1647 978 1725 imperia
994 1652 1128 1724 praemi·

111 1744 204 1798 neret.
232 1734 364 1796 Marcum
379 1734 485 1796 deinde
499 1734 656 1813 Agrippam
672 1735 785 1794 socium
800 1736 864 1795 eius
878 1736 1047 1815 potcstatis,
1062 1755 1127 1815 quo

112 1826 251 1886 defuneto
266 1822 418 1883 'liberium
432 1821 580 1882 Neronem
595 1821 715 1903 delegit,
734 1840 771 1882 ne
791 1840 947 1882 successor
960 1825 991 1882 in
1005 1824 1127 1886 incerto

111 1913 196 1974 loret.
232 1913 274 1970 sic
293 1908 425 1971 cohiberi
444 1927 548 1989 pravas
569 1909 693 1969 aliorum
713 1927 780 1988 spes
799 1909 934 1993 rebatur,
953 1911 1043 1971 simul
1060 1931 1126 1973 mo·

112 2001 222 2061 destiae
236 1997 362 2058 Neronis
377 2005 406 2057 et
420 2015 491 2058 suae
505 1997 700 2077 magnitudini
713 1998 830 2060 fidebat.
858 2017 917 2078 quo
931 2007 1003 2060 tunc
1022 2018 1126 2062 exem-

72 2103 98 2143 ιο
111 2088 160 2167 plo
171 2085 308 2147 'liberius
318 2085 447 2146 Drusum
462 2104 593 2146 summae
607 2088 652 2146 rei
666 2086 802 2168 admovit,
816 2105 884 2148 cum
899 2088 1040 2149 incolumi
1050 2088 1125 2151 Ger·

110 2178 226 2238 manico
249 2176 398 2252 integrum
421 2176 500 2234 inter
519 2175 593 2235 duos
610 2174 759 2236 *iudicium
777 2178 932 2237 tenuisset.
964 2176 1016 2237 sed
1040 2180 1125 2256 prin-

111 2267 188 2344 cipio
203 2263 368 2323 litterarum
383 2269 540 2323 veneratus
555 2263 639 2343 deos,
658 2270 692 2324 ut
710 2264 831 2325 consilia
851 2283 903 2326 sua
922 2267 967 2325 rei
984 2264 1124 2344 publicae

111 2358 334 2433 prosperarent,
353 2352 467 2412 modica
486 2351 523 2412 de
541 2350 675 2412 moribus
694 2353 890 2414 adulescentis
909 2371 1006 2434 neque
1024 2357 1056 2414 in
1071 2356 1123 2416 lal-

112 2459 178 2503 sum
197 2447 282 2502 aucta
301 2440 424 2501 rettulit.
461 2458 527 2502 esse
546 2439 588 2501 illi
612 2443 767 2520 coniugem
786 2449 816 2502 et
833 2449 896 2504 tres
914 2441 1024 2504 liberos
1044 2461 1123 2504 eam-

72 2545 98 2587 15
112 2549 169 2612 que
184 2536 318 2611 aetatem,
333 2547 390 2608 qua
404 2531 468 2608 ipse
484 2530 631 2609 quondam
646 2530 742 2591 adiro
759 2530 892 2609 Augusto
908 2529 945 2591 ad
964 2548 1122 2610 capessen-

112 2622 183 2682 dum
196 2620 253 2681 boc
271 2636 380 2679 munus
399 2625 520 2679 vocatus
540 2621 586 2680 sit.
620 2637 719 2698 neque.
735 2637 815 2680 nunc
834 2637 974 2700 propere,
994 2619 1046 2680 sed
1066 2638 1123 2700 per

112 2715 178 2769 octo
193 2725 285 2767 annos
300 2713 386 2785 capto
401 2708 610 2790 experimento,
626 2709 803 2787 compressis
818 2707 1026 2787 seditionibus,
1041 2726 1121 2769 com-

111 2798 216 2875 positis
234 2793 332 2875 bellis,
351 2795 560 2875 triumphalem
578 2803 609 2856 ct
626 2794 673 2856 bis
687 2796 839 2856 consulem
853 2798 916 2858 noti
930 2796 1039 2857 laboris
1053 2815 1121 2875 par·

111 2886 232 2963 ticipcm
249 2886 334 2945 sumi.

179 2970 230 3034 57.
253 2972 470 3052 Praeceperant
493 2975 598 3034 animis
620 2973 785 3033 orationem
807 2980 920 3055 patres,
949 2991 1007 3053 quo
1032 2993 1120 3054 quae·

112 3064 197 3123 sitior
211 3061 338 3122 adulatio
353 3062 417 3122 luit.
445 3080 500 3122 nec
513 3069 612 3122 tamen
626 3069 778 3140 repertum
792 3064 851 3122 nisi
865 3070 898 3122 ut
912 3061 1025 3140 effigies
1039 3065 1120 3142 prin·

112 3153 224 3232 cipum,
243 3168 308 3211 aras
328 3151 429 3232 deum,
448 3149 555 3229 templa
575 3157 605 3209 et
623 3167 710 3210 arcus
725 3149 839 3230 aliaque
854 3151 939 3211 solita
953 3159 1120 3231 censerent,

112 3242 170 3299 nisi
184 3239 263 3319 quod
278 3239 314 3299 ll.
325 3237 442 3299 Silanus
457 3255 492 3296 ex
507 3237 683 3298 contumelia
697 3239 868 3300 consulatus
882 3238 1025 3301 honorem
1039 3242 1119 3319 prin·
1165 3250 1169 3256 ’

182 3373 228 3439 55,
244 3378 275 3426 at
295 3373 325 3426 in
344 3363 551 3440 adossLipeios,
570 3389 638 3442 erga
654 3373 774 3428 maiores
792 3374 952 3442 Rhenanus,
972 3374 1117 3447 [maiores]

111 3443 311 3566 ffitlseetberlieb
336 3442 492 3496 animorum
510 3443 571 3499 Jot.
591 3445 694 3500 Mdller
708 3446 714 3514 Ι
729 3445 774 3512 56,
796 3449 829 3499 10
847 3444 972 3500 admovit
985 3461 1051 3523 ¹ecoe:
1071 3445 1119 3499 ad-
