2408 3870
110 177 176 242 338
460 172 631 230 conuenit
648 174 768 230 sacrm

112 344 170 405 quc
189 325 225 386 ab
244 324 310 385 lacu
329 326 445 385 Averno
464 322 656 402 navigabilem
676 325 784 385 fossam
803 343 898 404 usque
920 326 958 387 ad
981 329 1065 388 ostia
1084 328 1136 390 Ti·

111 415 214 475 berina
229 414 423 492 depressuros
437 415 643 492 promiserant,
658 412 805 492 squalenti
818 412 905 474 litore
916 421 969 475 aut
977 432 1038 493 per
1047 433 1135 479 mon-

71 520 97 559 10
112 512 156 565 tes
176 501 323 563 adversos.
351 519 448 580 neque
468 502 546 561 enim
565 500 644 562 aliud
659 501 791 562 umidum
805 502 962 580 gignendis
976 506 1069 583 aquis
1084 524 1134 567 oc-

112 594 206 653 currit
220 609 308 671 mam
323 589 496 667 Pomptinae
515 588 650 667 paludes:
669 597 768 650 cetera
786 588 911 670 abrupta
929 600 983 653 ant
1003 596 1134 677 arentin,

111 698 145 741 ac
165 681 191 740 si
209 680 363 758 perrumpi
381 683 518 756 possent,
536 675 739 738 intolerandus
753 676 836 738 labor
849 696 905 740 nec
919 681 995 739 satis
1010 698 1133 745 caum.

111 768 189 828 Nero
203 776 315 847 tamen,
334 773 368 826 ut
381 773 444 826 erat
457 764 677 826 incredibilium
696 770 826 847 cupitor,
846 766 975 828 ellodere
989 771 1132 848 proximi

111 859 226 916 Averno
241 856 310 932 iuga
324 854 445 914 conisus
459 861 519 933 est,
532 861 711 932 manentque
724 856 847 932 vestigia
861 856 967 928 inritae
982 858 1063 937 spei.

179 941 230 1003 43.
250 942 389 1002 Ceterum
407 940 491 1001 urbis
510 959 586 1020 quae
605 941 710 1003 domus
728 945 879 1021 perierant
900 960 976 1024 non,
1000 952 1039 1007 ut
1060 955 1131 1026 post

112 1030 222 1091 Gallica
240 1029 390 1111 incendia,
408 1028 488 1090 nulla
507 1029 697 1091 distinctione
716 1048 772 1091 nec
792 1032 901 1111 passim
920 1039 1057 1114 erectae,
1078 1034 1130 1097 scd

112 1120 254 1180 dimensis
268 1120 402 1179 vicorum
420 1116 574 1178 ordinibus
593 1126 623 1179 et
640 1117 708 1180 latis
725 1122 839 1180 viarum
857 1121 960 1199 spatiis
980 1120 1129 1185 cohibito

113 1226 170 1287 que
184 1207 387 1269 aedificiorum
401 1206 555 1268 altitudine
570 1224 604 1266 ac
618 1208 773 1284 patefactis
786 1209 864 1269 areis
878 1207 1051 1288 additisque
1060 1229 1131 1291 por·

85 1295 235 1377 eticibus,
258 1314 333 1376 quae
357 1296 486 1356 frontem
503 1293 667 1355 insularum
685 1303 883 1375 protegerent
919 1312 970 1359 eas
989 1301 1133 1376 porticus

111 1385 189 1446 Nero
214 1402 267 1445 sua
285 1386 412 1463 pecunia
430 1390 652 1444 exstructurum
672 1391 871 1464 purgatasque
890 1402 976 1445 oreas
995 1385 1131 1449 dominis

113 1474 291 1535 traditurum
310 1471 459 1550 pollicitus
478 1477 532 1531 est.
560 1470 672 1531 addidit
689 1474 819 1550 praemia
837 1490 892 1551 pro
911 1474 1063 1554 cuiusque
1082 1493 1131 1538 or

112 1564 181 1623 dine
196 1570 226 1623 et
243 1563 288 1622 rei
308 1560 460 1620 familiaris
481 1559 588 1640 copiis,
611 1559 763 1639 linivitque
787 1569 918 1642 tempus,
941 1562 1023 1623 intra
1046 1565 1132 1643 quod

113 1651 226 1712 effectis
244 1647 381 1709 domibus
399 1656 451 1708 aut
469 1646 574 1707 insulis
593 1649 806 1725 apiscerentur.
833 1648 937 1711 ruderi
949 1652 1132 1730 accipiendo

73 1754 98 1794 10
113 1738 266 1801 Ostienses
280 1735 402 1816 paludes
417 1734 594 1815 destinabat,
609 1738 711 1814 utique
726 1755 828 1817 nares,
847 1754 922 1816 quae
940 1737 1132 1803 trumentum

113 1827 214 1890 'liberi
228 1824 489 1904 subvectavissont,
503 1832 626 1884 onustae
640 1823 749 1885 rudere
759 1825 963 1906 decurrerent,
976 1828 1131 1891 aedificia-

113 1935 170 1995 que
186 1917 248 1994 ipsa
264 1921 344 1974 certa
359 1915 407 1974 sui
424 1922 508 1991 porte
527 1913 591 1972 sine
611 1911 744 1974 trabibus
762 1932 832 1975 saxo
847 1912 960 1974 Gabino
973 1914 1130 1979 Albanove
1184 1944 1190 2037 1

113 2004 324 2081 solidarentur,
343 2001 422 2080 quod
440 2002 467 2062 is
485 2000 560 2079 lapis
578 2001 697 2078 ignibus
715 2003 877 2080 impervius
896 2008 956 2084 est;
973 2004 1036 2065 iam
1049 2023 1129 2085 equa
1185 2024 1198 2103 ,·

113 2095 296 2170 privatorum
319 2088 438 2149 licentia
456 2090 620 2166 intercepta
640 2107 698 2168 quo
717 2089 827 2168 largior
845 2098 876 2151 et
892 2089 1034 2169 pluribus
1050 2092 1128 2155 locis
1185 2108 1189 2115 ·

74 2195 99 2235 15
113 2182 144 2241 in
163 2177 315 2258 publicum
333 2177 452 2255 flueret,
471 2175 622 2257 custodes,
642 2185 672 2237 et
691 2178 823 2239 subsidia
835 2179 1037 2258 reprimendis
1050 2182 1128 2261 igni·
1183 2118 1191 2287 1

113 2267 170 2330 bns
183 2269 215 2327 in
228 2264 384 2345 propatulo
399 2266 524 2344 quisque
534 2263 669 2345 haberet3
683 2284 739 2327 nec
750 2268 958 2328 communione
966 2270 1127 2352 parietum,

113 2355 165 2418 sed
184 2355 314 2434 propriis
333 2370 466 2434 quaeque
485 2355 579 2413 muris
597 2353 789 2416 ambirentur.
822 2374 855 2417 ea
874 2372 911 2415 ex
928 2355 1060 2419 utilitate
1079 2376 1127 2421 ao

113 2452 198 2525 cepta
217 2443 354 2504 decorem
373 2459 491 2522 quoque
509 2460 600 2502 norae
615 2441 683 2503 urbi
697 2444 832 2507 attulere.
859 2451 944 2505 erant
956 2450 1059 2507 tamen
1074 2448 1128 2526 qui

114 2535 279 2613 crederent,
293 2539 423 2592 veterem
433 2530 512 2591 illam
521 2532 645 2591 sormam
656 2530 822 2594 salubritati
829 2533 924 2611 magis
932 2533 1127 2616 conduxisse,

72 2637 100 2678 ao
114 2625 251 2703 quoniam
262 2623 413 2700 angustiae
428 2621 568 2680 itinerum
583 2627 613 2680 et
626 2618 749 2681 altitudo
763 2627 911 2683 tectorum
923 2637 984 2682 non
997 2622 1127 2700 perinde

114 2712 185 2773 solis
200 2728 305 2789 vapore
320 2715 598 2788 perrumperentur:
612 2715 642 2770 at
655 2726 734 2768 nunc
749 2709 879 2788 patulam
892 2709 1083 2772 latitudinem
1096 2719 1128 2772 et

114 2799 192 2860 nulla
208 2798 312 2859 umbra
326 2796 476 2858 defensam
490 2798 624 2876 graviore
639 2804 722 2858 aestu
736 2798 902 2861 ardescere.

180 2884 232 2948 44.
260 2885 298 2947 Et
324 2885 396 2946 haec
424 2886 545 2965 quidem
567 2885 704 2945 humanis
727 2886 858 2948 consiliis
880 2888 1126 2967 providebantur.

113 2995 181 3038 mox
204 2977 296 3054 petita
320 2974 365 3035 dis
387 2973 502 3052 piacula
529 2973 659 3052 aditique
683 2972 813 3035 Sibullae
839 2974 921 3057 libri,
948 2994 986 3039 ex
1014 2980 1127 3059 quibus

114 3064 311 3145 supplicatum
325 3062 452 3123 Volcano
467 3070 497 3123 et
510 3062 612 3122 Cereri
625 3061 891 3145 Proserpinaeque,
910 3082 945 3126 ac
962 3069 1127 3147 propitiata

184 3235 230 3302 42,
247 3241 279 3289 14
297 3232 596 3314 irribaldb,1domua
614 3232 757 3303 perierant
769 3235 895 3305 Liptiuoa
914 3234 1013 3291 domui
1029 3254 1127 3309 auper-
1185 3228 1192 3329 1

114 3309 196 3363 orant
213 3306 322 3374 (domus
336 3304 501 3371 manlaeqne
514 3305 657 3372 perierunt
670 3305 807 3375 Heraeus)
823 3307 829 3376 Ι
844 3311 860 3361 2
871 3306 982 3360 erectae
994 3306 1127 3379 Lepreon

115 3379 209 3433 erecta
224 3381 228 3422 Ι
246 3383 277 3431 11
293 3375 534 3429 subvectavissent
552 3390 614 3430 noo:
634 3374 769 3431 subnecte
787 3377 882 3431 oomni
899 3374 1129 3441 (subnecto-emt
1188 3378 1192 3451 q

114 3451 161 3516 ai.)
178 3450 183 3518 Ι
200 3454 233 3502 14
251 3445 382 3516 largitior
397 3447 402 3515 Ι
420 3452 452 3500 16
470 3460 522 3500 neo
541 3461 639 3501 comm.
654 3477 688 3487 -
702 3444 876 3502 ambirentur
887 3446 1051 3521 Nipperdey
1063 3454 1129 3507 ante
1187 3500 1191 3537 Ι

113 3518 171 3573 iam
189 3519 223 3587 (n.
242 3521 288 3588 13)
302 3519 398 3587 posuit
413 3517 418 3588 Ι
433 3515 478 3583 44,
497 3522 514 3570 t
533 3515 578 3570 dis
596 3516 640 3572 Jo.
659 3517 712 3573 Fr.
732 3517 900 3574 Gronovius:
918 3531 938 3571 a
954 3514 1000 3573 oi·

1186 3666 1191 3830 i
