2408 3870
124 208 189 273 356
390 204 560 261 couniunt
576 204 695 262 utetur
713 204 781 263 LIB.
799 204 858 265 XV.

124 364 350 435 cognomentum
365 357 526 435 aeoiperet3
541 354 684 432 tempium
694 354 790 416 Saluti
802 360 1018 418 exstrueretur
1028 376 1068 419 eo
1082 359 1143 439 1οοί,

123 460 159 505 ex
179 462 237 524 quo
256 442 417 504 Scaevinus
437 442 549 503 terrum
568 451 762 521 prompserat.
796 445 862 521 ipse
884 456 954 505 eum
977 448 1142 527 pugionem
1197 505 1199 509 .

122 533 200 611 apud
215 532 392 611 Capitolium
406 534 533 593 sacravit
551 532 763 611 inscripsitque
776 528 838 592 lori
851 528 985 594 Vindici:
1006 537 1042 596 in
1062 554 1143 616 prae·

122 639 192 682 sens
210 621 288 682 haud
303 621 540 681 animadversum
558 627 626 698 post
644 634 723 679 arma
738 616 805 679 tutti
823 614 954 680 Vindicis
981 618 1022 684 ad
1047 628 1143 706 auspi·

83 729 109 771 ro
123 712 201 771 oium
221 718 251 770 et
268 710 454 788 praesagium
474 708 590 768 suturae
610 708 731 768 ultiouis
749 704 931 769 trahebatur.
964 716 1095 789 reperio
1117 717 1143 775 in

123 800 343 861 commentariis
362 804 482 859 senatus
501 795 645 858 Cerialem
663 797 800 857 Anicium
825 794 981 858 oonsuiem
1008 798 1143 883 designa·

123 896 187 950 tum
206 906 260 966 pro
280 887 426 947 sententia
450 885 572 967 dixisse,
596 894 630 946 ut
655 885 798 965 tempium
821 882 889 945 diro
911 878 1033 949 Neroni
1057 908 1143 971 quan

123 978 297 1037 maturrime
311 974 429 1055 publiea
443 976 569 1054 pecunia
583 982 754 1053 poneretur.
783 973 862 1053 quoa
880 973 1008 1055 quidam
1030 977 1086 1041 iile
1100 980 1143 1042 de

125 1064 265 1125 cernebat
288 1072 438 1143 umquam
456 1063 580 1124 mortale
604 1063 755 1142 fastigium
777 1076 897 1143 egresso
920 1071 951 1124 et
975 1070 1144 1131 veneratio

85 1170 111 1211 ra
124 1171 192 1213 nem
207 1152 359 1213 hominum
374 1154 494 1233 merito,
507 1155 564 1214 aad
575 1156 639 1230 ipse
647 1152 814 1232 prohibuit,
828 1168 867 1214 ne
885 1156 1145 1231 mterpretattoae

125 1241 311 1321 quorundam
325 1240 361 1302 ad
376 1256 463 1303 omen
473 1241 582 1302 maium
597 1242 645 1302 sui
659 1242 757 1302 exitus
770 1248 952 1303 verteretur:
965 1256 1044 1306 nam
1057 1246 1145 1309 deum

124 1330 219 1391 honor
233 1332 362 1411 prinoipi
375 1348 436 1392 non
450 1337 518 1392 ante
532 1328 671 1412 habetur,
691 1344 780 1409 quam
797 1342 885 1410 agere
900 1330 986 1391 inter
1004 1331 1144 1399 homines

126 1419 255 1482 desierit.

198 1590 241 1658 74,
257 1596 272 1645 6
287 1596 352 1659 poet
368 1586 426 1644 looi
438 1588 601 1714 Nipperden
615 1590 723 1671 mpetum
742 1588 858 1645 lammae
870 1586 991 1662 puroet
1008 1598 1048 1649 14
1064 1610 1144 1653 me

125 1661 264 1716 rationem
282 1662 448 1716 Rhamnusia
472 1676 577 1716 uenere
601 1675 618 1715 ο
636 1663 726 1725 atomi
743 1666 777 1716 1⁶
793 1660 865 1715 sed.
881 1661 1145 1733 daeaapraoaaiaaa

125 1736 268 1803 supplevi!
286 1738 319 1788 te
336 1731 374 1786 ad
391 1747 473 1788 omen
486 1731 592 1786 mulum
606 1737 654 1801 (oa
668 1730 790 1795 diremi)
803 1748 867 1787 noaz
885 1730 924 1787 ad
944 1736 1031 1793 onia
1049 1738 1145 1795 dolum

127 1804 276 1929 (arbiorum
297 1819 332 1859 ae
352 1805 451 1859 votum
468 1805 601 1860 Heiaieei
623 1809 648 1859 et
669 1803 705 1859 R.
724 1803 851 1874 Seyffert,
878 1802 917 1857 ad
944 1805 1145 1868 onustum

167 1878 240 1945 mm)
