<?xml version="1.0" encoding="UTF-8"?>
<!DOCTYPE html PUBLIC "-//W3C//DTD XHTML 1.0 Transitional//EN"
    "http://www.w3.org/TR/xhtml1/DTD/xhtml1-transitional.dtd">
<html xmlns="http://www.w3.org/1999/xhtml" xml:lang="en" lang="en">
 <head>
  <title>
</title>
<meta http-equiv="Content-Type" content="text/html;charset=utf-8" />
  <meta name='ocr-system' content='tesseract 3.04.00' />
  <meta name='ocr-capabilities' content='ocr_page ocr_carea ocr_par ocr_line ocrx_word'/>
</head>
<body>
  <div class='ocr_page' id='page_1' title='image "./libriquisupersu00halmgoog_0303.png"; bbox 0 0 2408 3870; ppageno 0'>
   <div class='ocr_carea' id='block_1_1' title="bbox 109 177 767 245">
    <p class='ocr_par' dir='ltr' id='par_1_1' title="bbox 109 177 767 245">
     <span class='ocr_line' id='line_1_1' title="bbox 109 177 767 245; baseline -0.02 0"><span class='ocrx_word' id='word_1_1' title='bbox 109 180 174 245; x_wconf 80' lang='lat'><strong>292</strong></span> <span class='ocrx_word' id='word_1_2' title='bbox 456 177 630 241; x_wconf 80' lang='lat' dir='ltr'><strong>,CORNELH</strong></span> <span class='ocrx_word' id='word_1_3' title='bbox 648 177 767 233; x_wconf 84' lang='lat' dir='ltr'><strong>TACITI</strong></span> 
     </span>
    </p>
   </div>
   <div class='ocr_carea' id='block_1_2' title="bbox 8 327 1159 2974">
    <p class='ocr_par' dir='ltr' id='par_1_2' title="bbox 83 327 1129 497">
     <span class='ocr_line' id='line_1_2' title="bbox 110 327 1129 407; baseline 0 -17"><span class='ocrx_word' id='word_1_4' title='bbox 110 329 264 390; x_wconf 92' lang='lat' dir='ltr'><strong>considere</strong></span> <span class='ocrx_word' id='word_1_5' title='bbox 297 328 397 407; x_wconf 90' lang='lat' dir='ltr'><strong>simul,</strong></span> <span class='ocrx_word' id='word_1_6' title='bbox 434 335 464 388; x_wconf 94' lang='lat' dir='ltr'><strong>et</strong></span> <span class='ocrx_word' id='word_1_7' title='bbox 492 327 603 389; x_wconf 89' lang='lat' dir='ltr'><strong>adlatos</strong></span> <span class='ocrx_word' id='word_1_8' title='bbox 635 327 680 388; x_wconf 88' lang='lat' dir='ltr'><strong>vel</strong></span> <span class='ocrx_word' id='word_1_9' title='bbox 713 327 822 388; x_wconf 87' lang='lat' dir='ltr'><strong>ibidem</strong></span> <span class='ocrx_word' id='word_1_10' title='bbox 850 333 984 406; x_wconf 90' lang='lat' dir='ltr'><strong>repertos</strong></span> <span class='ocrx_word' id='word_1_11' title='bbox 1018 345 1129 390; x_wconf 91' lang='lat' dir='ltr'><strong>versus</strong></span> 
     </span>
     <span class='ocr_line' id='line_1_3' title="bbox 83 414 1128 497; baseline -0.001 -18"><span class='ocrx_word' id='word_1_12' title='bbox 83 433 95 471; x_wconf 85' lang='lat'>⁵</span> <span class='ocrx_word' id='word_1_13' title='bbox 111 427 267 479; x_wconf 77' lang='lat' dir='ltr'><strong>conectere</strong></span> <span class='ocrx_word' id='word_1_14' title='bbox 282 425 370 496; x_wconf 89' lang='lat' dir='ltr'><strong>atque</strong></span> <span class='ocrx_word' id='word_1_15' title='bbox 384 419 478 496; x_wconf 90' lang='lat' dir='ltr'><strong>ipsius</strong></span> <span class='ocrx_word' id='word_1_16' title='bbox 493 416 581 477; x_wconf 88' lang='lat' dir='ltr'><strong>verba</strong></span> <span class='ocrx_word' id='word_1_17' title='bbox 597 433 715 495; x_wconf 91' lang='lat' dir='ltr'><strong>quoquo</strong></span> <span class='ocrx_word' id='word_1_18' title='bbox 734 414 821 476; x_wconf 93' lang='lat' dir='ltr'><strong>modo</strong></span> <span class='ocrx_word' id='word_1_19' title='bbox 840 415 951 493; x_wconf 86' lang='lat' dir='ltr'><strong>prolata</strong></span> <span class='ocrx_word' id='word_1_20' title='bbox 972 416 1128 497; x_wconf 91' lang='lat' dir='ltr'><strong>supplere,</strong></span> 
     </span>
    </p>

    <p class='ocr_par' dir='ltr' id='par_1_3' title="bbox 111 506 1128 587">
     <span class='ocr_line' id='line_1_4' title="bbox 111 506 1128 587; baseline 0.001 -20"><span class='ocrx_word' id='word_1_21' title='bbox 111 508 188 587; x_wconf 91' lang='lat' dir='ltr'><strong>quod</strong></span> <span class='ocrx_word' id='word_1_22' title='bbox 209 509 324 586; x_wconf 90' lang='lat' dir='ltr'><strong>species</strong></span> <span class='ocrx_word' id='word_1_23' title='bbox 342 508 406 585; x_wconf 92' lang='lat' dir='ltr'><strong>ipsa</strong></span> <span class='ocrx_word' id='word_1_24' title='bbox 425 507 589 567; x_wconf 83' lang='lat' dir='ltr'><strong>carminum</strong></span> <span class='ocrx_word' id='word_1_25' title='bbox 606 506 701 584; x_wconf 90' lang='lat' dir='ltr'><strong>docet,</strong></span> <span class='ocrx_word' id='word_1_26' title='bbox 719 522 778 565; x_wconf 91' lang='lat' dir='ltr'><strong>non</strong></span> <span class='ocrx_word' id='word_1_27' title='bbox 798 507 911 582; x_wconf 90' lang='lat' dir='ltr'><strong>impetu</strong></span> <span class='ocrx_word' id='word_1_28' title='bbox 929 514 958 566; x_wconf 92' lang='lat' dir='ltr'><strong>et</strong></span> <span class='ocrx_word' id='word_1_29' title='bbox 977 507 1128 568; x_wconf 90' lang='lat' dir='ltr'><strong>instinctu</strong></span> 
     </span>
    </p>

    <p class='ocr_par' dir='ltr' id='par_1_4' title="bbox 110 592 1127 673">
     <span class='ocr_line' id='line_1_5' title="bbox 110 592 1127 673; baseline -0.001 -16"><span class='ocrx_word' id='word_1_30' title='bbox 110 615 165 658; x_wconf 91' lang='lat' dir='ltr'><strong>neo</strong></span> <span class='ocrx_word' id='word_1_31' title='bbox 180 614 231 657; x_wconf 94' lang='lat' dir='ltr'><strong>ore</strong></span> <span class='ocrx_word' id='word_1_32' title='bbox 246 614 306 657; x_wconf 92' lang='lat' dir='ltr'><strong>uno</strong></span> <span class='ocrx_word' id='word_1_33' title='bbox 321 594 425 657; x_wconf 90' lang='lat' dir='ltr'><strong>lineus.</strong></span> <span class='ocrx_word' id='word_1_34' title='bbox 453 596 542 655; x_wconf 90' lang='lat' dir='ltr'><strong>etiam</strong></span> <span class='ocrx_word' id='word_1_35' title='bbox 562 596 722 672; x_wconf 80' lang='lat' dir='ltr'>sapientiae</span> <span class='ocrx_word' id='word_1_36' title='bbox 741 592 913 654; x_wconf 89' lang='lat' dir='ltr'><strong>doctoribus</strong></span> <span class='ocrx_word' id='word_1_37' title='bbox 931 600 1054 673; x_wconf 90' lang='lat' dir='ltr'><strong>tempus</strong></span> <span class='ocrx_word' id='word_1_38' title='bbox 1074 599 1127 656; x_wconf 93' lang='lat' dir='ltr'><strong>im·</strong></span> 
     </span>
    </p>

    <p class='ocr_par' dir='ltr' id='par_1_5' title="bbox 110 681 1127 764">
     <span class='ocr_line' id='line_1_6' title="bbox 110 681 1127 764; baseline -0.002 -18"><span class='ocrx_word' id='word_1_39' title='bbox 110 685 257 764; x_wconf 84' lang='lat' dir='ltr'><strong>partiebat</strong></span> <span class='ocrx_word' id='word_1_40' title='bbox 271 692 339 762; x_wconf 91' lang='lat' dir='ltr'><strong>post</strong></span> <span class='ocrx_word' id='word_1_41' title='bbox 353 681 468 763; x_wconf 83' lang='lat' dir='ltr'><strong>epulas,</strong></span> <span class='ocrx_word' id='word_1_42' title='bbox 490 690 582 761; x_wconf 83' lang='lat' dir='ltr'><strong>utque</strong></span> <span class='ocrx_word' id='word_1_43' title='bbox 597 684 744 743; x_wconf 91' lang='lat' dir='ltr'><strong>contraria</strong></span> <span class='ocrx_word' id='word_1_44' title='bbox 759 682 997 743; x_wconf 79' lang='lat' dir='ltr'><strong>adseverantium</strong></span> <span class='ocrx_word' id='word_1_45' title='bbox 1010 682 1127 745; x_wconf 89' lang='lat' dir='ltr'><strong>discor-</strong></span> 
     </span>
    </p>

    <p class='ocr_par' dir='ltr' id='par_1_6' title="bbox 71 769 1126 938">
     <span class='ocr_line' id='line_1_7' title="bbox 111 769 1126 849; baseline 0 -15"><span class='ocrx_word' id='word_1_46' title='bbox 111 776 158 834; x_wconf 93' lang='lat' dir='ltr'><strong>dia</strong></span> <span class='ocrx_word' id='word_1_47' title='bbox 172 776 330 834; x_wconf 88' lang='lat' dir='ltr'><strong>irneretnr.</strong></span> <span class='ocrx_word' id='word_1_48' title='bbox 359 789 414 831; x_wconf 89' lang='lat' dir='ltr'><strong>nec</strong></span> <span class='ocrx_word' id='word_1_49' title='bbox 433 771 555 831; x_wconf 82' lang='lat' dir='ltr'><strong>deerant</strong></span> <span class='ocrx_word' id='word_1_50' title='bbox 574 773 625 849; x_wconf 88' lang='lat' dir='ltr'><strong>qui</strong></span> <span class='ocrx_word' id='word_1_51' title='bbox 644 789 695 831; x_wconf 93' lang='lat' dir='ltr'><strong>ore</strong></span> <span class='ocrx_word' id='word_1_52' title='bbox 714 769 856 849; x_wconf 91' lang='lat' dir='ltr'><strong>vultuque</strong></span> <span class='ocrx_word' id='word_1_53' title='bbox 874 772 955 832; x_wconf 92' lang='lat' dir='ltr'><strong>tristi</strong></span> <span class='ocrx_word' id='word_1_54' title='bbox 972 773 1056 833; x_wconf 92' lang='lat' dir='ltr'><strong>iuter</strong></span> <span class='ocrx_word' id='word_1_55' title='bbox 1076 773 1126 834; x_wconf 93' lang='lat' dir='ltr'><strong>ob-</strong></span> 
     </span>
     <span class='ocr_line' id='line_1_8' title="bbox 71 861 690 938; baseline -0.005 -15"><span class='ocrx_word' id='word_1_56' title='bbox 71 880 96 916; x_wconf 75' lang='grc' dir='ltr'><strong>ιο</strong></span> <span class='ocrx_word' id='word_1_57' title='bbox 111 863 286 923; x_wconf 89' lang='lat' dir='ltr'><strong>lectamenta</strong></span> <span class='ocrx_word' id='word_1_58' title='bbox 300 862 381 938; x_wconf 84' lang='lat' dir='ltr'><strong>regia</strong></span> <span class='ocrx_word' id='word_1_59' title='bbox 395 861 524 938; x_wconf 88' lang='lat' dir='ltr'><strong>spectari</strong></span> <span class='ocrx_word' id='word_1_60' title='bbox 538 867 690 937; x_wconf 86' lang='lat' dir='ltr'><strong>cuperent.</strong></span> 
     </span>
    </p>

    <p class='ocr_par' dir='ltr' id='par_1_7' title="bbox 112 947 1127 1295">
     <span class='ocr_line' id='line_1_9' title="bbox 180 947 1127 1026; baseline -0.001 -15"><span class='ocrx_word' id='word_1_61' title='bbox 180 949 229 1011; x_wconf 86' lang='lat' dir='ltr'><strong>ll.</strong></span> <span class='ocrx_word' id='word_1_62' title='bbox 254 948 315 1010; x_wconf 90' lang='lat' dir='ltr'><strong>Sub</strong></span> <span class='ocrx_word' id='word_1_63' title='bbox 334 948 414 1008; x_wconf 90' lang='lat' dir='ltr'><strong>idem</strong></span> <span class='ocrx_word' id='word_1_64' title='bbox 431 956 550 1026; x_wconf 92' lang='lat' dir='ltr'><strong>tempus</strong></span> <span class='ocrx_word' id='word_1_65' title='bbox 568 947 626 1008; x_wconf 86' lang='lat' dir='ltr'><strong>levi</strong></span> <span class='ocrx_word' id='word_1_66' title='bbox 643 950 728 1008; x_wconf 90' lang='lat' dir='ltr'><strong>initio</strong></span> <span class='ocrx_word' id='word_1_67' title='bbox 747 955 831 1009; x_wconf 82' lang='lat' dir='ltr'><strong>atrox</strong></span> <span class='ocrx_word' id='word_1_68' title='bbox 845 947 949 1008; x_wconf 86' lang='lat' dir='ltr'><strong>caedes</strong></span> <span class='ocrx_word' id='word_1_69' title='bbox 964 956 1031 1009; x_wconf 88' lang='lat' dir='ltr'><strong>orta</strong></span> <span class='ocrx_word' id='word_1_70' title='bbox 1047 953 1127 1012; x_wconf 90' lang='lat' dir='ltr'><strong>inter</strong></span> 
     </span>
     <span class='ocr_line' id='line_1_10' title="bbox 112 1035 1125 1118; baseline 0.001 -19"><span class='ocrx_word' id='word_1_71' title='bbox 112 1038 232 1100; x_wconf 90' lang='lat' dir='ltr'><strong>colonos</strong></span> <span class='ocrx_word' id='word_1_72' title='bbox 259 1036 424 1097; x_wconf 84' lang='lat' dir='ltr'><strong>Nucerinos</strong></span> <span class='ocrx_word' id='word_1_73' title='bbox 455 1035 708 1116; x_wconf 88' lang='lat' dir='ltr'><strong>Pompeianosque</strong></span> <span class='ocrx_word' id='word_1_74' title='bbox 738 1035 910 1116; x_wconf 83' lang='lat' dir='ltr'><strong>gladiatorio</strong></span> <span class='ocrx_word' id='word_1_75' title='bbox 943 1038 1125 1118; x_wconf 88' lang='lat' dir='ltr'><strong>spectaculo,</strong></span> 
     </span>
     <span class='ocr_line' id='line_1_11' title="bbox 112 1125 1126 1206; baseline 0.002 -19"><span class='ocrx_word' id='word_1_76' title='bbox 112 1127 190 1206; x_wconf 91' lang='lat' dir='ltr'><strong>quod</strong></span> <span class='ocrx_word' id='word_1_77' title='bbox 205 1125 355 1187; x_wconf 89' lang='lat' dir='ltr'><strong>Livineius</strong></span> <span class='ocrx_word' id='word_1_78' title='bbox 369 1125 512 1206; x_wconf 88' lang='lat' dir='ltr'><strong>Regulus,</strong></span> <span class='ocrx_word' id='word_1_79' title='bbox 527 1145 616 1205; x_wconf 88' lang='lat' dir='ltr'><strong>quern</strong></span> <span class='ocrx_word' id='word_1_80' title='bbox 630 1134 744 1186; x_wconf 91' lang='lat' dir='ltr'><strong>motum</strong></span> <span class='ocrx_word' id='word_1_81' title='bbox 758 1132 862 1187; x_wconf 90' lang='lat' dir='ltr'><strong>senatu</strong></span> <span class='ocrx_word' id='word_1_82' title='bbox 876 1125 993 1205; x_wconf 90' lang='lat' dir='ltr'><strong>rettuli,</strong></span> <span class='ocrx_word' id='word_1_83' title='bbox 1008 1127 1126 1189; x_wconf 87' lang='lat' dir='ltr'><strong>edebat.</strong></span> 
     </span>
     <span class='ocr_line' id='line_1_12' title="bbox 112 1213 1125 1295; baseline 0.003 -21"><span class='ocrx_word' id='word_1_84' title='bbox 112 1217 222 1294; x_wconf 88' lang='lat' dir='ltr'><strong>qnippe</strong></span> <span class='ocrx_word' id='word_1_85' title='bbox 241 1214 386 1294; x_wconf 91' lang='lat' dir='ltr'><strong>oppidana</strong></span> <span class='ocrx_word' id='word_1_86' title='bbox 405 1215 523 1275; x_wconf 90' lang='lat' dir='ltr'><strong>lascivia</strong></span> <span class='ocrx_word' id='word_1_87' title='bbox 542 1217 572 1274; x_wconf 95' lang='lat' dir='ltr'><strong>in</strong></span> <span class='ocrx_word' id='word_1_88' title='bbox 591 1216 686 1275; x_wconf 90' lang='lat' dir='ltr'><strong>vicem</strong></span> <span class='ocrx_word' id='word_1_89' title='bbox 704 1216 888 1275; x_wconf 85' lang='lat' dir='ltr'><strong>incessentes</strong></span> <span class='ocrx_word' id='word_1_90' title='bbox 905 1213 1032 1295; x_wconf 89' lang='lat' dir='ltr'><strong>probra,</strong></span> <span class='ocrx_word' id='word_1_91' title='bbox 1057 1217 1125 1277; x_wconf 91' lang='lat' dir='ltr'><strong>dein</strong></span> 
     </span>
    </p>

    <p class='ocr_par' dir='ltr' id='par_1_8' title="bbox 8 1301 1159 2074">
     <span class='ocr_line' id='line_1_13' title="bbox 85 1301 1126 1383; baseline 0.007 -24"><span class='ocrx_word' id='word_1_92' title='bbox 85 1319 194 1383; x_wconf 79' lang='lat' dir='ltr'><strong>asara,</strong></span> <span class='ocrx_word' id='word_1_93' title='bbox 217 1313 367 1382; x_wconf 85' lang='lat' dir='ltr'><strong>postremo</strong></span> <span class='ocrx_word' id='word_1_94' title='bbox 392 1303 504 1364; x_wconf 89' lang='lat' dir='ltr'><strong>lerrnm</strong></span> <span class='ocrx_word' id='word_1_95' title='bbox 523 1321 689 1382; x_wconf 89' lang='lat' dir='ltr'><strong>sumpsere,</strong></span> <span class='ocrx_word' id='word_1_96' title='bbox 713 1302 852 1363; x_wconf 87' lang='lat' dir='ltr'><strong>validiore</strong></span> <span class='ocrx_word' id='word_1_97' title='bbox 875 1301 1126 1382; x_wconf 89' lang='lat' dir='ltr'><strong>Pompeianorum</strong></span> 
     </span>
     <span class='ocr_line' id='line_1_14' title="bbox 111 1390 1126 1472; baseline 0 -19"><span class='ocrx_word' id='word_1_98' title='bbox 111 1393 206 1472; x_wconf 82' lang='lat' dir='ltr'><strong>plebe,</strong></span> <span class='ocrx_word' id='word_1_99' title='bbox 221 1393 298 1471; x_wconf 90' lang='lat' dir='ltr'><strong>apud</strong></span> <span class='ocrx_word' id='word_1_100' title='bbox 314 1410 388 1471; x_wconf 94' lang='lat' dir='ltr'><strong>quos</strong></span> <span class='ocrx_word' id='word_1_101' title='bbox 402 1392 604 1470; x_wconf 88' lang='lat' dir='ltr'><strong>spectaculum</strong></span> <span class='ocrx_word' id='word_1_102' title='bbox 618 1391 769 1452; x_wconf 90' lang='lat' dir='ltr'><strong>edebatur.</strong></span> <span class='ocrx_word' id='word_1_103' title='bbox 797 1408 867 1468; x_wconf 83' lang='lat' dir='ltr'><strong>ergo</strong></span> <span class='ocrx_word' id='word_1_104' title='bbox 884 1390 1035 1468; x_wconf 91' lang='lat' dir='ltr'><strong>deportati</strong></span> <span class='ocrx_word' id='word_1_105' title='bbox 1056 1402 1126 1455; x_wconf 90' lang='lat' dir='ltr'><strong>sunt</strong></span> 
     </span>
     <span class='ocr_line' id='line_1_15' title="bbox 112 1471 1126 1562; baseline 0.001 -20"><span class='ocrx_word' id='word_1_106' title='bbox 112 1485 142 1543; x_wconf 97' lang='lat' dir='ltr'><strong>in</strong></span> <span class='ocrx_word' id='word_1_107' title='bbox 162 1482 265 1542; x_wconf 91' lang='lat' dir='ltr'><strong>urbem</strong></span> <span class='ocrx_word' id='word_1_108' title='bbox 285 1481 370 1541; x_wconf 92' lang='lat' dir='ltr'><strong>multi</strong></span> <span class='ocrx_word' id='word_1_109' title='bbox 388 1480 574 1540; x_wconf 88' lang='lat' dir='ltr'><strong>eNncerinis</strong></span> <span class='ocrx_word' id='word_1_110' title='bbox 594 1489 699 1540; x_wconf 91' lang='lat' dir='ltr'><strong>trunco</strong></span> <span class='ocrx_word' id='word_1_111' title='bbox 718 1496 773 1558; x_wconf 89' lang='lat' dir='ltr'><strong>per</strong></span> <span class='ocrx_word' id='word_1_112' title='bbox 790 1479 912 1540; x_wconf 88' lang='lat' dir='ltr'><strong>vulnera</strong></span> <span class='ocrx_word' id='word_1_113' title='bbox 930 1471 1074 1562; x_wconf 88' lang='lat' dir='ltr'><strong>corpore,</strong></span> <span class='ocrx_word' id='word_1_114' title='bbox 1093 1501 1126 1543; x_wconf 91' lang='lat' dir='ltr'><strong>ac</strong></span> 
     </span>
     <span class='ocr_line' id='line_1_16' title="bbox 111 1567 1126 1649; baseline 0.001 -19"><span class='ocrx_word' id='word_1_115' title='bbox 111 1572 245 1649; x_wconf 91' lang='lat' dir='ltr'><strong>plerique</strong></span> <span class='ocrx_word' id='word_1_116' title='bbox 260 1570 422 1630; x_wconf 91' lang='lat' dir='ltr'><strong>liberorum</strong></span> <span class='ocrx_word' id='word_1_117' title='bbox 437 1576 487 1629; x_wconf 92' lang='lat' dir='ltr'><strong>aut</strong></span> <span class='ocrx_word' id='word_1_118' title='bbox 500 1576 657 1647; x_wconf 92' lang='lat' dir='ltr'><strong>parentum</strong></span> <span class='ocrx_word' id='word_1_119' title='bbox 672 1576 783 1628; x_wconf 90' lang='lat' dir='ltr'><strong>mortes</strong></span> <span class='ocrx_word' id='word_1_120' title='bbox 797 1567 953 1628; x_wconf 92' lang='lat' dir='ltr'><strong>dellebant.</strong></span> <span class='ocrx_word' id='word_1_121' title='bbox 982 1571 1073 1631; x_wconf 88' lang='lat' dir='ltr'><strong>ouius</strong></span> <span class='ocrx_word' id='word_1_122' title='bbox 1083 1573 1126 1632; x_wconf 91' lang='lat' dir='ltr'><strong>rei</strong></span> 
     </span>
     <span class='ocr_line' id='line_1_17' title="bbox 8 1655 1127 1737; baseline 0.004 -22"><span class='ocrx_word' id='word_1_123' title='bbox 8 1711 9 1715; x_wconf 75' lang='grc'>,</span> <span class='ocrx_word' id='word_1_124' title='bbox 112 1660 254 1720; x_wconf 91' lang='lat' dir='ltr'><strong>iudicium</strong></span> <span class='ocrx_word' id='word_1_125' title='bbox 273 1661 413 1737; x_wconf 93' lang='lat' dir='ltr'><strong>princeps</strong></span> <span class='ocrx_word' id='word_1_126' title='bbox 432 1660 560 1736; x_wconf 91' lang='lat' dir='ltr'><strong>senatui,</strong></span> <span class='ocrx_word' id='word_1_127' title='bbox 586 1665 706 1717; x_wconf 88' lang='lat' dir='ltr'><strong>senatus</strong></span> <span class='ocrx_word' id='word_1_128' title='bbox 725 1655 897 1717; x_wconf 88' lang='lat' dir='ltr'><strong>consulibus</strong></span> <span class='ocrx_word' id='word_1_129' title='bbox 915 1659 1064 1734; x_wconf 78' lang='lat' dir='ltr'><strong>permisit</strong></span> <span class='ocrx_word' id='word_1_130' title='bbox 1097 1669 1127 1720; x_wconf 93' lang='lat' dir='ltr'><strong>et</strong></span> 
     </span>
     <span class='ocr_line' id='line_1_18' title="bbox 73 1743 1159 1825; baseline 0.003 -16"><span class='ocrx_word' id='word_1_131' title='bbox 73 1764 98 1802; x_wconf 85' lang='lat'><strong>10</strong></span> <span class='ocrx_word' id='word_1_132' title='bbox 113 1767 216 1809; x_wconf 90' lang='lat' dir='ltr'><strong>rursus</strong></span> <span class='ocrx_word' id='word_1_133' title='bbox 231 1765 263 1807; x_wconf 92' lang='lat' dir='ltr'><strong>re</strong></span> <span class='ocrx_word' id='word_1_134' title='bbox 279 1748 314 1807; x_wconf 92' lang='lat' dir='ltr'><strong>ad</strong></span> <span class='ocrx_word' id='word_1_135' title='bbox 328 1756 429 1824; x_wconf 88' lang='lat' dir='ltr'><strong>patres</strong></span> <span class='ocrx_word' id='word_1_136' title='bbox 442 1745 546 1825; x_wconf 88' lang='lat' dir='ltr'><strong>relata,</strong></span> <span class='ocrx_word' id='word_1_137' title='bbox 565 1744 707 1823; x_wconf 87' lang='lat' dir='ltr'><strong>prohibiti</strong></span> <span class='ocrx_word' id='word_1_138' title='bbox 724 1743 843 1823; x_wconf 88' lang='lat' dir='ltr'><strong>publice</strong></span> <span class='ocrx_word' id='word_1_139' title='bbox 862 1747 893 1805; x_wconf 92' lang='lat' dir='ltr'><strong>in</strong></span> <span class='ocrx_word' id='word_1_140' title='bbox 911 1744 1015 1806; x_wconf 92' lang='lat' dir='ltr'><strong>decem</strong></span> <span class='ocrx_word' id='word_1_141' title='bbox 1030 1765 1126 1808; x_wconf 88' lang='lat' dir='ltr'><strong>annos</strong></span> <span class='ocrx_word' id='word_1_142' title='bbox 1155 1807 1159 1813; x_wconf 90' lang='lat'>.</span> 
     </span>
     <span class='ocr_line' id='line_1_19' title="bbox 112 1833 1126 1915; baseline 0.001 -18"><span class='ocrx_word' id='word_1_143' title='bbox 112 1840 176 1898; x_wconf 90' lang='lat' dir='ltr'><strong>eius</strong></span> <span class='ocrx_word' id='word_1_144' title='bbox 199 1835 277 1896; x_wconf 90' lang='lat' dir='ltr'><strong>modi</strong></span> <span class='ocrx_word' id='word_1_145' title='bbox 300 1844 387 1895; x_wconf 90' lang='lat' dir='ltr'><strong>coetu</strong></span> <span class='ocrx_word' id='word_1_146' title='bbox 405 1835 576 1913; x_wconf 86' lang='lat' dir='ltr'><strong>Pompeiani</strong></span> <span class='ocrx_word' id='word_1_147' title='bbox 599 1833 793 1912; x_wconf 85' lang='lat' dir='ltr'><strong>collegiaque,</strong></span> <span class='ocrx_word' id='word_1_148' title='bbox 817 1851 892 1912; x_wconf 91' lang='lat' dir='ltr'><strong>quae</strong></span> <span class='ocrx_word' id='word_1_149' title='bbox 915 1842 1020 1894; x_wconf 90' lang='lat' dir='ltr'><strong>eontra</strong></span> <span class='ocrx_word' id='word_1_150' title='bbox 1044 1835 1126 1915; x_wconf 84' lang='lat' dir='ltr'><strong>leges</strong></span> 
     </span>
     <span class='ocr_line' id='line_1_20' title="bbox 111 1920 1125 2004; baseline -0.002 -17"><span class='ocrx_word' id='word_1_151' title='bbox 111 1928 311 2004; x_wconf 91' lang='lat' dir='ltr'><strong>instituerant,</strong></span> <span class='ocrx_word' id='word_1_152' title='bbox 326 1923 481 2002; x_wconf 89' lang='lat' dir='ltr'><strong>dissoluta;</strong></span> <span class='ocrx_word' id='word_1_153' title='bbox 496 1922 647 1983; x_wconf 85' lang='lat' dir='ltr'><strong>Livineius</strong></span> <span class='ocrx_word' id='word_1_154' title='bbox 662 1929 692 1982; x_wconf 94' lang='lat' dir='ltr'><strong>et</strong></span> <span class='ocrx_word' id='word_1_155' title='bbox 707 1922 757 2000; x_wconf 91' lang='lat' dir='ltr'><strong>qui</strong></span> <span class='ocrx_word' id='word_1_156' title='bbox 771 1920 820 1982; x_wconf 94' lang='lat' dir='ltr'><strong>alii</strong></span> <span class='ocrx_word' id='word_1_157' title='bbox 835 1921 1011 1982; x_wconf 89' lang='lat' dir='ltr'><strong>seditionem</strong></span> <span class='ocrx_word' id='word_1_158' title='bbox 1025 1927 1125 1985; x_wconf 90' lang='lat' dir='ltr'><strong>eonci-</strong></span> 
     </span>
     <span class='ocr_line' id='line_1_21' title="bbox 111 2011 1094 2074; baseline -0.009 0"><span class='ocrx_word' id='word_1_159' title='bbox 111 2023 215 2074; x_wconf 84' lang='lat' dir='ltr'><strong>verant</strong></span> <span class='ocrx_word' id='word_1_160' title='bbox 230 2012 316 2073; x_wconf 86' lang='lat' dir='ltr'><strong>exilio</strong></span> <span class='ocrx_word' id='word_1_161' title='bbox 330 2011 447 2072; x_wconf 92' lang='lat' dir='ltr'><strong>multati</strong></span> <span class='ocrx_word' id='word_1_162' title='bbox 461 2018 539 2070; x_wconf 92' lang='lat' dir='ltr'><strong>sunt.</strong></span> <span class='ocrx_word' id='word_1_163' title='bbox 1091 2017 1094 2026; x_wconf 92' lang='grc'><strong><em>·</em></strong></span> 
     </span>
    </p>

    <p class='ocr_par' dir='ltr' id='par_1_9' title="bbox 112 2097 1126 2444">
     <span class='ocr_line' id='line_1_22' title="bbox 181 2097 1125 2180; baseline 0.002 -20"><span class='ocrx_word' id='word_1_164' title='bbox 181 2099 230 2161; x_wconf 86' lang='grc'><strong>18.</strong></span> <span class='ocrx_word' id='word_1_165' title='bbox 254 2099 351 2159; x_wconf 90' lang='lat' dir='ltr'><strong>Motus</strong></span> <span class='ocrx_word' id='word_1_166' title='bbox 375 2106 478 2159; x_wconf 91' lang='lat' dir='ltr'><strong>senatu</strong></span> <span class='ocrx_word' id='word_1_167' title='bbox 503 2105 532 2158; x_wconf 93' lang='lat' dir='ltr'><strong>et</strong></span> <span class='ocrx_word' id='word_1_168' title='bbox 554 2097 663 2169; x_wconf 83' lang='lat' dir='ltr'><strong>Pedius</strong></span> <span class='ocrx_word' id='word_1_169' title='bbox 685 2097 820 2179; x_wconf 80' lang='lat' dir='ltr'><strong>Blaesus,</strong></span> <span class='ocrx_word' id='word_1_170' title='bbox 842 2097 1053 2160; x_wconf 86' lang='lat' dir='ltr'><strong>accusantibus</strong></span> <span class='ocrx_word' id='word_1_171' title='bbox 1073 2101 1125 2180; x_wconf 87' lang='lat' dir='ltr'><strong>Cy·</strong></span> 
     </span>
     <span class='ocr_line' id='line_1_23' title="bbox 112 2185 1125 2269; baseline 0 -19"><span class='ocrx_word' id='word_1_172' title='bbox 112 2187 289 2251; x_wconf 90' lang='lat' dir='ltr'><strong>renensibns</strong></span> <span class='ocrx_word' id='word_1_173' title='bbox 303 2186 444 2247; x_wconf 86' lang='lat' dir='ltr'><strong>violatum</strong></span> <span class='ocrx_word' id='word_1_174' title='bbox 458 2186 495 2246; x_wconf 92' lang='lat' dir='ltr'><strong>ab</strong></span> <span class='ocrx_word' id='word_1_175' title='bbox 506 2203 545 2245; x_wconf 88' lang='lat' dir='ltr'><strong>eo</strong></span> <span class='ocrx_word' id='word_1_176' title='bbox 559 2185 731 2246; x_wconf 91' lang='lat' dir='ltr'><strong>thesaurum</strong></span> <span class='ocrx_word' id='word_1_177' title='bbox 740 2185 908 2264; x_wconf 82' lang='lat' dir='ltr'><strong>Aesculapii</strong></span> <span class='ocrx_word' id='word_1_178' title='bbox 921 2185 1125 2269; x_wconf 86' lang='lat' dir='ltr'><strong>dilectumque</strong></span> 
     </span>
     <span class='ocr_line' id='line_1_24' title="bbox 113 2274 1126 2354; baseline 0.001 -16"><span class='ocrx_word' id='word_1_179' title='bbox 113 2277 271 2338; x_wconf 91' lang='lat' dir='ltr'><strong>militarem</strong></span> <span class='ocrx_word' id='word_1_180' title='bbox 289 2277 384 2354; x_wconf 88' lang='lat' dir='ltr'><strong>pretio</strong></span> <span class='ocrx_word' id='word_1_181' title='bbox 404 2282 434 2335; x_wconf 95' lang='lat' dir='ltr'><strong>et</strong></span> <span class='ocrx_word' id='word_1_182' title='bbox 453 2274 611 2335; x_wconf 90' lang='lat' dir='ltr'><strong>ambitione</strong></span> <span class='ocrx_word' id='word_1_183' title='bbox 631 2282 813 2354; x_wconf 90' lang='lat' dir='ltr'><strong>corruptum.</strong></span> <span class='ocrx_word' id='word_1_184' title='bbox 841 2275 919 2335; x_wconf 91' lang='lat' dir='ltr'><strong>idem</strong></span> <span class='ocrx_word' id='word_1_185' title='bbox 938 2274 1126 2354; x_wconf 82' lang='lat' dir='ltr'><strong>Cyrenenses</strong></span> 
     </span>
     <span class='ocr_line' id='line_1_25' title="bbox 113 2363 1126 2444; baseline 0 -16"><span class='ocrx_word' id='word_1_186' title='bbox 113 2385 197 2428; x_wconf 90' lang='lat' dir='ltr'><strong>reum</strong></span> <span class='ocrx_word' id='word_1_187' title='bbox 216 2363 341 2444; x_wconf 84' lang='lat' dir='ltr'><strong>agebant</strong></span> <span class='ocrx_word' id='word_1_188' title='bbox 354 2363 480 2425; x_wconf 77' lang='lat' dir='ltr'><strong>Acilium</strong></span> <span class='ocrx_word' id='word_1_189' title='bbox 496 2363 683 2444; x_wconf 91' lang='lat' dir='ltr'><strong>Strabonem,</strong></span> <span class='ocrx_word' id='word_1_190' title='bbox 704 2365 851 2442; x_wconf 91' lang='lat' dir='ltr'><strong>praetoria</strong></span> <span class='ocrx_word' id='word_1_191' title='bbox 868 2371 1015 2443; x_wconf 87' lang='lat' dir='ltr'><strong>potestate</strong></span> <span class='ocrx_word' id='word_1_192' title='bbox 1035 2384 1126 2428; x_wconf 89' lang='lat' dir='ltr'><strong>usum</strong></span> 
     </span>
    </p>

    <p class='ocr_par' dir='ltr' id='par_1_10' title="bbox 86 2452 1125 2887">
     <span class='ocr_line' id='line_1_26' title="bbox 86 2452 1125 2538; baseline 0.005 -27"><span class='ocrx_word' id='word_1_193' title='bbox 86 2471 100 2511; x_wconf 84' lang='lat' dir='ltr'><strong>s</strong></span> <span class='ocrx_word' id='word_1_194' title='bbox 114 2464 143 2517; x_wconf 95' lang='lat' dir='ltr'><strong>et</strong></span> <span class='ocrx_word' id='word_1_195' title='bbox 157 2457 282 2538; x_wconf 72' lang='lat' dir='ltr'><strong>misspm</strong></span> <span class='ocrx_word' id='word_1_196' title='bbox 296 2453 524 2531; x_wconf 89' lang='lat' dir='ltr'><strong>disceptatorem</strong></span> <span class='ocrx_word' id='word_1_197' title='bbox 538 2452 685 2513; x_wconf 85' lang='lat' dir='ltr'><strong>aClaudio</strong></span> <span class='ocrx_word' id='word_1_198' title='bbox 696 2469 843 2534; x_wconf 83' lang='lat' dir='ltr'><strong>agrorum,</strong></span> <span class='ocrx_word' id='word_1_199' title='bbox 858 2471 932 2531; x_wconf 91' lang='lat' dir='ltr'><strong>quos</strong></span> <span class='ocrx_word' id='word_1_200' title='bbox 946 2455 1026 2532; x_wconf 82' lang='lat' dir='ltr'><strong>regis</strong></span> <span class='ocrx_word' id='word_1_201' title='bbox 1036 2454 1125 2534; x_wconf 78' lang='lat' dir='ltr'><strong>apio-</strong></span> 
     </span>
     <span class='ocr_line' id='line_1_27' title="bbox 113 2539 1125 2623; baseline -0.002 -17"><span class='ocrx_word' id='word_1_202' title='bbox 113 2549 160 2606; x_wconf 91' lang='lat' dir='ltr'><strong>nis</strong></span> <span class='ocrx_word' id='word_1_203' title='bbox 180 2542 327 2623; x_wconf 88' lang='lat' dir='ltr'><strong>quondam</strong></span> <span class='ocrx_word' id='word_1_204' title='bbox 350 2544 443 2602; x_wconf 91' lang='lat' dir='ltr'><strong>avitos</strong></span> <span class='ocrx_word' id='word_1_205' title='bbox 466 2549 496 2602; x_wconf 91' lang='lat' dir='ltr'><strong>et</strong></span> <span class='ocrx_word' id='word_1_206' title='bbox 518 2540 627 2621; x_wconf 92' lang='lat' dir='ltr'><strong>populo</strong></span> <span class='ocrx_word' id='word_1_207' title='bbox 646 2539 776 2601; x_wconf 86' lang='lat' dir='ltr'><strong>Romano</strong></span> <span class='ocrx_word' id='word_1_208' title='bbox 796 2559 864 2602; x_wconf 78' lang='lat' dir='ltr'><strong>curm</strong></span> <span class='ocrx_word' id='word_1_209' title='bbox 888 2559 978 2621; x_wconf 79' lang='lat' dir='ltr'><strong>regno</strong></span> <span class='ocrx_word' id='word_1_210' title='bbox 1002 2542 1125 2604; x_wconf 88' lang='lat' dir='ltr'><strong>relictos</strong></span> 
     </span>
     <span class='ocr_line' id='line_1_28' title="bbox 113 2628 1125 2714; baseline -0.002 -20"><span class='ocrx_word' id='word_1_211' title='bbox 113 2636 267 2714; x_wconf 85' lang='lat' dir='ltr'><strong>proximus</strong></span> <span class='ocrx_word' id='word_1_212' title='bbox 287 2633 413 2710; x_wconf 89' lang='lat' dir='ltr'><strong>quisque</strong></span> <span class='ocrx_word' id='word_1_213' title='bbox 432 2647 587 2709; x_wconf 89' lang='lat' dir='ltr'><strong>possessor</strong></span> <span class='ocrx_word' id='word_1_214' title='bbox 609 2632 789 2710; x_wconf 90' lang='lat' dir='ltr'><strong>invaserant,</strong></span> <span class='ocrx_word' id='word_1_215' title='bbox 813 2630 985 2708; x_wconf 92' lang='lat' dir='ltr'><strong>diutinaque</strong></span> <span class='ocrx_word' id='word_1_216' title='bbox 1004 2628 1125 2693; x_wconf 90' lang='lat' dir='ltr'><strong>lieentia</strong></span> 
     </span>
     <span class='ocr_line' id='line_1_29' title="bbox 113 2717 1125 2798; baseline -0.002 -16"><span class='ocrx_word' id='word_1_217' title='bbox 113 2731 144 2783; x_wconf 93' lang='lat' dir='ltr'><strong>et</strong></span> <span class='ocrx_word' id='word_1_218' title='bbox 157 2723 265 2781; x_wconf 91' lang='lat' dir='ltr'><strong>iniuria</strong></span> <span class='ocrx_word' id='word_1_219' title='bbox 285 2721 370 2798; x_wconf 90' lang='lat' dir='ltr'><strong>quasi</strong></span> <span class='ocrx_word' id='word_1_220' title='bbox 388 2721 452 2779; x_wconf 90' lang='lat' dir='ltr'><strong>iure</strong></span> <span class='ocrx_word' id='word_1_221' title='bbox 468 2726 497 2779; x_wconf 94' lang='lat' dir='ltr'><strong>et</strong></span> <span class='ocrx_word' id='word_1_222' title='bbox 511 2736 605 2798; x_wconf 90' lang='lat' dir='ltr'><strong>aequo</strong></span> <span class='ocrx_word' id='word_1_223' title='bbox 625 2717 803 2778; x_wconf 89' lang='lat' dir='ltr'><strong>nitebantur.</strong></span> <span class='ocrx_word' id='word_1_224' title='bbox 838 2719 929 2795; x_wconf 84' lang='lat' dir='ltr'><strong>igitur</strong></span> <span class='ocrx_word' id='word_1_225' title='bbox 947 2718 1125 2780; x_wconf 87' lang='lat' dir='ltr'><strong>abiudicatis</strong></span> 
     </span>
     <span class='ocr_line' id='line_1_30' title="bbox 114 2806 1125 2887; baseline -0.001 -18"><span class='ocrx_word' id='word_1_226' title='bbox 114 2812 192 2887; x_wconf 84' lang='lat' dir='ltr'><strong>agris</strong></span> <span class='ocrx_word' id='word_1_227' title='bbox 213 2816 275 2868; x_wconf 90' lang='lat' dir='ltr'><strong>orta</strong></span> <span class='ocrx_word' id='word_1_228' title='bbox 296 2808 436 2868; x_wconf 91' lang='lat' dir='ltr'><strong>adversus</strong></span> <span class='ocrx_word' id='word_1_229' title='bbox 454 2807 584 2868; x_wconf 90' lang='lat' dir='ltr'><strong>iudicem</strong></span> <span class='ocrx_word' id='word_1_230' title='bbox 607 2806 729 2886; x_wconf 77' lang='lat' dir='ltr'><strong>invidia3</strong></span> <span class='ocrx_word' id='word_1_231' title='bbox 752 2812 782 2866; x_wconf 90' lang='lat' dir='ltr'><strong>et</strong></span> <span class='ocrx_word' id='word_1_232' title='bbox 805 2813 925 2868; x_wconf 92' lang='lat' dir='ltr'><strong>senatus</strong></span> <span class='ocrx_word' id='word_1_233' title='bbox 948 2808 1049 2885; x_wconf 80' lang='lat' dir='ltr'><strong>ignota</strong></span> <span class='ocrx_word' id='word_1_234' title='bbox 1068 2808 1125 2868; x_wconf 93' lang='lat' dir='ltr'><strong>sibi</strong></span> 
     </span>
    </p>

    <p class='ocr_par' dir='ltr' id='par_1_11' title="bbox 72 2893 1124 2974">
     <span class='ocr_line' id='line_1_31' title="bbox 72 2893 1124 2974; baseline -0.003 -15"><span class='ocrx_word' id='word_1_235' title='bbox 72 2911 100 2951; x_wconf 88' lang='lat'><strong>10</strong></span> <span class='ocrx_word' id='word_1_236' title='bbox 114 2916 180 2959; x_wconf 89' lang='lat' dir='ltr'><strong>esse</strong></span> <span class='ocrx_word' id='word_1_237' title='bbox 198 2895 333 2956; x_wconf 90' lang='lat' dir='ltr'><strong>mandata</strong></span> <span class='ocrx_word' id='word_1_238' title='bbox 352 2894 467 2956; x_wconf 84' lang='lat' dir='ltr'><strong>Claudii</strong></span> <span class='ocrx_word' id='word_1_239' title='bbox 489 2903 520 2956; x_wconf 90' lang='lat' dir='ltr'><strong>et</strong></span> <span class='ocrx_word' id='word_1_240' title='bbox 542 2893 756 2956; x_wconf 87' lang='lat' dir='ltr'><strong>consulendum</strong></span> <span class='ocrx_word' id='word_1_241' title='bbox 776 2896 943 2974; x_wconf 89' lang='lat' dir='ltr'><strong>prinoipem</strong></span> <span class='ocrx_word' id='word_1_242' title='bbox 960 2897 1124 2974; x_wconf 90' lang='lat' dir='ltr'><strong>respondit.</strong></span> 
     </span>
    </p>
   </div>
   <div class='ocr_carea' id='block_1_3' title="bbox 1 3097 1126 3595">
    <p class='ocr_par' dir='ltr' id='par_1_12' title="bbox 1 3097 1126 3314">
     <span class='ocr_line' id='line_1_32' title="bbox 1 3097 1126 3172; baseline 0.002 -17"><span class='ocrx_word' id='word_1_243' title='bbox 1 3128 2 3134; x_wconf 18' lang='grc' dir='ltr'><strong>κ</strong></span> <span class='ocrx_word' id='word_1_244' title='bbox 113 3103 143 3157; x_wconf 88' lang='lat' dir='ltr'><strong>hi</strong></span> <span class='ocrx_word' id='word_1_245' title='bbox 160 3104 297 3170; x_wconf 81' lang='lat' dir='ltr'><strong>Muretus,</strong></span> <span class='ocrx_word' id='word_1_246' title='bbox 312 3101 472 3156; x_wconf 83' lang='lat' dir='ltr'><strong>auctoritas.</strong></span> <span class='ocrx_word' id='word_1_247' title='bbox 487 3098 518 3152; x_wconf 91' lang='lat' dir='ltr'><strong>hi</strong></span> <span class='ocrx_word' id='word_1_248' title='bbox 533 3097 626 3153; x_wconf 87' lang='lat' dir='ltr'><strong>cenati</strong></span> <span class='ocrx_word' id='word_1_249' title='bbox 643 3098 747 3168; x_wconf 85' lang='lat' dir='ltr'><strong>Haase,</strong></span> <span class='ocrx_word' id='word_1_250' title='bbox 762 3098 876 3155; x_wconf 83' lang='lat' dir='ltr'><strong>claritas</strong></span> <span class='ocrx_word' id='word_1_251' title='bbox 891 3142 897 3156; x_wconf 92' lang='lat'><em>.</em></span> <span class='ocrx_word' id='word_1_252' title='bbox 911 3098 942 3153; x_wconf 89' lang='lat' dir='ltr'><strong>hi</strong></span> <span class='ocrx_word' id='word_1_253' title='bbox 955 3100 1126 3172; x_wconf 73' lang='lat' dir='ltr'><strong>Napperdep,</strong></span> 
     </span>
     <span class='ocr_line' id='line_1_33' title="bbox 115 3169 1126 3241; baseline -0.001 -15"><span class='ocrx_word' id='word_1_254' title='bbox 115 3173 185 3227; x_wconf 88' lang='lat' dir='ltr'><strong>artis</strong></span> <span class='ocrx_word' id='word_1_255' title='bbox 208 3171 312 3226; x_wconf 86' lang='lat' dir='ltr'><strong>notitia</strong></span> <span class='ocrx_word' id='word_1_256' title='bbox 330 3188 422 3228; x_wconf 82' lang='lat' dir='ltr'><strong>censor</strong></span> <span class='ocrx_word' id='word_1_257' title='bbox 446 3173 477 3226; x_wconf 80' lang='lat' dir='ltr'><strong>tn</strong></span> <span class='ocrx_word' id='word_1_258' title='bbox 495 3170 581 3226; x_wconf 83' lang='lat' dir='ltr'><strong>Liter.</strong></span> <span class='ocrx_word' id='word_1_259' title='bbox 601 3169 736 3226; x_wconf 81' lang='lat' dir='ltr'><strong>Oeatralb.</strong></span> <span class='ocrx_word' id='word_1_260' title='bbox 755 3175 830 3227; x_wconf 84' lang='grc'><strong><em>1876</em></strong></span> <span class='ocrx_word' id='word_1_261' title='bbox 846 3188 920 3228; x_wconf 83' lang='lat' dir='ltr'><strong>num.</strong></span> <span class='ocrx_word' id='word_1_262' title='bbox 941 3172 986 3238; x_wconf 86' lang='lat'><strong>13)</strong></span> <span class='ocrx_word' id='word_1_263' title='bbox 1012 3174 1016 3241; x_wconf 91' lang='grc' dir='ltr'>Ι</span> <span class='ocrx_word' id='word_1_264' title='bbox 1042 3172 1089 3240; x_wconf 87' lang='grc'><strong>16,</strong></span> <span class='ocrx_word' id='word_1_265' title='bbox 1109 3178 1126 3225; x_wconf 86' lang='grc'>4</span> 
     </span>
     <span class='ocr_line' id='line_1_34' title="bbox 115 3240 1124 3314; baseline 0 -16"><span class='ocrx_word' id='word_1_266' title='bbox 115 3245 225 3298; x_wconf 86' lang='lat' dir='ltr'><strong>ablatos</strong></span> <span class='ocrx_word' id='word_1_267' title='bbox 242 3245 247 3311; x_wconf 89' lang='grc'>1</span> <span class='ocrx_word' id='word_1_268' title='bbox 264 3251 278 3298; x_wconf 79' lang='lat' dir='ltr'><strong>t</strong></span> <span class='ocrx_word' id='word_1_269' title='bbox 297 3259 349 3298; x_wconf 88' lang='lat' dir='ltr'><strong>nee</strong></span> <span class='ocrx_word' id='word_1_270' title='bbox 371 3244 468 3296; x_wconf 81' lang='lat' dir='ltr'><strong>tenore</strong></span> <span class='ocrx_word' id='word_1_271' title='bbox 486 3255 542 3295; x_wconf 92' lang='lat' dir='ltr'><strong>uno</strong></span> <span class='ocrx_word' id='word_1_272' title='bbox 560 3240 727 3310; x_wconf 68' lang='lat' dir='ltr'><strong>Acidaliae!</strong></span> <span class='ocrx_word' id='word_1_273' title='bbox 743 3248 760 3298; x_wconf 86' lang='lat'>8</span> <span class='ocrx_word' id='word_1_274' title='bbox 778 3242 877 3314; x_wconf 85' lang='lat' dir='ltr'><strong>utque]</strong></span> <span class='ocrx_word' id='word_1_275' title='bbox 895 3243 928 3296; x_wconf 82' lang='lat' dir='ltr'><strong>ut</strong></span> <span class='ocrx_word' id='word_1_276' title='bbox 945 3240 1099 3298; x_wconf 76' lang='lat' dir='ltr'><strong>Rhenanus</strong></span> <span class='ocrx_word' id='word_1_277' title='bbox 1120 3244 1124 3314; x_wconf 82' lang='grc' dir='ltr'>Ι</span> 
     </span>
    </p>

    <p class='ocr_par' dir='ltr' id='par_1_13' title="bbox 1 3310 1125 3595">
     <span class='ocr_line' id='line_1_35' title="bbox 1 3310 1124 3384; baseline -0.002 -15"><span class='ocrx_word' id='word_1_278' title='bbox 1 3366 3 3382; x_wconf 43' lang='lat'><em>2</em></span> <span class='ocrx_word' id='word_1_279' title='bbox 115 3314 257 3369; x_wconf 82' lang='lat' dir='ltr'><strong>discordia</strong></span> <span class='ocrx_word' id='word_1_280' title='bbox 284 3313 423 3368; x_wconf 82' lang='lat' dir='ltr'><strong>frueretur</strong></span> <span class='ocrx_word' id='word_1_281' title='bbox 449 3312 658 3380; x_wconf 73' lang='lat' dir='ltr'><strong>Bezzenberper:</strong></span> <span class='ocrx_word' id='word_1_282' title='bbox 692 3310 849 3368; x_wconf 74' lang='lat' dir='ltr'><strong>discordiae</strong></span> <span class='ocrx_word' id='word_1_283' title='bbox 876 3313 1003 3367; x_wconf 84' lang='lat' dir='ltr'><strong>rueretur</strong></span> <span class='ocrx_word' id='word_1_284' title='bbox 1018 3314 1023 3384; x_wconf 85' lang='grc' dir='ltr'>Ι</span> <span class='ocrx_word' id='word_1_285' title='bbox 1040 3315 1086 3382; x_wconf 82' lang='lat' dir='ltr'><strong>ll,</strong></span> <span class='ocrx_word' id='word_1_286' title='bbox 1110 3320 1124 3367; x_wconf 93' lang='lat'>1</span> 
     </span>
     <span class='ocr_line' id='line_1_36' title="bbox 114 3380 1125 3454; baseline 0 -15"><span class='ocrx_word' id='word_1_287' title='bbox 114 3385 197 3439; x_wconf 82' lang='lat' dir='ltr'><strong>initio</strong></span> <span class='ocrx_word' id='word_1_288' title='bbox 212 3385 338 3439; x_wconf 81' lang='lat' dir='ltr'><strong>Ernesti:</strong></span> <span class='ocrx_word' id='word_1_289' title='bbox 352 3381 472 3437; x_wconf 82' lang='lat' dir='ltr'><strong>intentio</strong></span> <span class='ocrx_word' id='word_1_290' title='bbox 488 3385 493 3451; x_wconf 92' lang='grc'>1</span> <span class='ocrx_word' id='word_1_291' title='bbox 509 3388 525 3437; x_wconf 85' lang='grc'><strong>3</strong></span> <span class='ocrx_word' id='word_1_292' title='bbox 539 3380 711 3452; x_wconf 86' lang='lat' dir='ltr'><strong>libidineius,</strong></span> <span class='ocrx_word' id='word_1_293' title='bbox 725 3401 772 3440; x_wconf 83' lang='lat' dir='ltr'><strong>em.</strong></span> <span class='ocrx_word' id='word_1_294' title='bbox 782 3383 897 3454; x_wconf 79' lang='lat' dir='ltr'><strong>Lipsius</strong></span> <span class='ocrx_word' id='word_1_295' title='bbox 912 3385 916 3453; x_wconf 83' lang='grc' dir='ltr'>Ι</span> <span class='ocrx_word' id='word_1_296' title='bbox 932 3381 1125 3452; x_wconf 81' lang='lat' dir='ltr'><strong>4ineessente,</strong></span> 
     </span>
     <span class='ocr_line' id='line_1_37' title="bbox 114 3452 1125 3523; baseline -0.001 -12"><span class='ocrx_word' id='word_1_297' title='bbox 114 3472 162 3511; x_wconf 85' lang='lat' dir='ltr'><strong>em.</strong></span> <span class='ocrx_word' id='word_1_298' title='bbox 181 3456 253 3510; x_wconf 79' lang='lat' dir='ltr'><strong>idem</strong></span> <span class='ocrx_word' id='word_1_299' title='bbox 271 3452 441 3523; x_wconf 82' lang='lat' dir='ltr'><strong>(ingerentes</strong></span> <span class='ocrx_word' id='word_1_300' title='bbox 460 3453 566 3521; x_wconf 82' lang='lat' dir='ltr'><strong>Haase)</strong></span> <span class='ocrx_word' id='word_1_301' title='bbox 591 3455 595 3523; x_wconf 79' lang='lat' dir='ltr'><strong>l</strong></span> <span class='ocrx_word' id='word_1_302' title='bbox 621 3453 665 3522; x_wconf 76' lang='lat'><strong>18,</strong></span> <span class='ocrx_word' id='word_1_303' title='bbox 686 3461 702 3509; x_wconf 85' lang='lat'><strong>6</strong></span> <span class='ocrx_word' id='word_1_304' title='bbox 726 3453 816 3509; x_wconf 79' lang='lat' dir='ltr'><strong>avitos</strong></span> <span class='ocrx_word' id='word_1_305' title='bbox 835 3454 981 3510; x_wconf 79' lang='lat' dir='ltr'><strong>Heinsius:</strong></span> <span class='ocrx_word' id='word_1_306' title='bbox 1010 3453 1125 3510; x_wconf 82' lang='lat' dir='ltr'><strong>habitos</strong></span> 
     </span>
     <span class='ocr_line' id='line_1_38' title="bbox 115 3523 839 3595; baseline -0.001 -17"><span class='ocrx_word' id='word_1_307' title='bbox 115 3524 189 3594; x_wconf 82' lang='lat' dir='ltr'><strong>(regi</strong></span> <span class='ocrx_word' id='word_1_308' title='bbox 206 3523 310 3594; x_wconf 87' lang='lat' dir='ltr'><strong>Apioni</strong></span> <span class='ocrx_word' id='word_1_309' title='bbox 325 3567 331 3580; x_wconf 91' lang='lat'><strong>.</strong></span> <span class='ocrx_word' id='word_1_310' title='bbox 346 3568 352 3580; x_wconf 91' lang='lat'>.</span> <span class='ocrx_word' id='word_1_311' title='bbox 369 3524 502 3581; x_wconf 83' lang='lat' dir='ltr'><strong>‚habitos</strong></span> <span class='ocrx_word' id='word_1_312' title='bbox 520 3524 645 3595; x_wconf 67' lang='lat' dir='ltr'><strong>Lepsios)</strong></span> <span class='ocrx_word' id='word_1_313' title='bbox 662 3530 697 3594; x_wconf 85' lang='grc'><strong>19</strong></span> <span class='ocrx_word' id='word_1_314' title='bbox 716 3523 839 3580; x_wconf 85' lang='lat' dir='ltr'><strong>indicem</strong></span> 
     </span>
    </p>
   </div>
   <div class='ocr_carea' id='block_1_4' title="bbox 0 0 1208 3870">
    <p class='ocr_par' dir='ltr' id='par_1_14' title="bbox 0 0 1208 3870">
     <span class='ocr_line' id='line_1_39' title="bbox 0 0 1208 3870; baseline 0 0"><span class='ocrx_word' id='word_1_315' title='bbox 0 0 1208 3870; x_wconf 95' lang='lat' dir='ltr'><strong> </strong></span> 
     </span>
    </p>
   </div>
  </div>
 </body>
</html>
