2392 3876
134 181 199 246 300
485 175 789 233 coannnurncnr

134 328 281 390 dilabente
309 335 393 389 aestu
417 326 612 388 bumanorum
635 343 793 404 corporum
816 325 929 403 efligies
952 324 1088 405 relictae,
1110 333 1143 386 ut

134 418 283 479 Britannis
298 417 333 477 ad
349 433 445 495 spem,
464 418 504 475 ita
522 417 669 476 veteranis
683 415 719 475 ad
733 422 845 475 metum
860 413 1063 475 trahebantur.
1093 415 1141 475 sed

135 509 203 585 quia
217 505 322 584 procul
336 505 496 566 Suetonius
510 503 620 584 aberat,
634 505 764 581 petivere
779 522 795 563 a
809 501 880 563 Cato
896 501 1023 563 Deciano
1037 521 1143 582 procu·

95 608 121 650 10
134 604 233 656 ratore
248 593 396 655 auxilium.
423 593 473 653 ille
486 591 564 652 haud
579 591 704 670 amplius
719 608 807 670 quam
821 591 964 652 ducentos
978 593 1043 652 sine
1058 594 1143 653 iustis

135 686 225 744 armis
243 685 337 762 misit3
356 690 386 743 et
403 684 499 742 inerat
516 681 631 742 modica
648 680 775 740 militum
794 697 906 740 manus.
934 679 1027 741 tutela
1041 680 1143 759 templi

135 774 205 833 freti
210 819 219 851 ,
234 779 264 832 et
278 768 507 849 impedientibus
522 770 574 847 qui
588 768 697 829 occulti
711 768 880 829 rebellionis
895 770 1007 829 conscii
1022 770 1143 830 consilia

136 859 306 938 turbabant,
335 876 430 938 neque
454 858 562 918 fossam
585 865 636 930 aut
658 856 766 918 vallum
788 857 1024 938 praeduxerant,
1046 875 1143 937 neque

135 951 224 1009 motis
243 947 363 1008 senibus
382 953 413 1006 et
431 946 548 1008 leminis
566 947 704 1006 iuventus
723 945 784 1007 sola
802 947 925 1007 restitit:
945 948 1030 1025 quasi
1047 947 1143 1008 media

96 1054 208 1115 topace
231 1037 343 1096 incauti
365 1034 554 1096 multitudine
578 1034 772 1096 barbarorum
794 1036 1079 1096 circumveniuntur.
1117 1042 1145 1096 et

137 1132 235 1185 cetera
251 1124 369 1203 quidem
383 1126 496 1202 impetu
510 1123 626 1202 direpta
640 1131 691 1184 aut
704 1125 825 1184 incensa
839 1132 922 1184 sunt:
941 1122 1100 1203 templum,
1114 1125 1144 1184 in

137 1231 195 1293 quo
210 1230 242 1273 se
256 1211 341 1273 miles
355 1212 589 1293 conglobaverat,
602 1212 692 1273 biduo
707 1211 861 1273 obsessum
876 1220 1144 1292 expugnatamque.

136 1310 166 1362 et
184 1303 278 1362 victor
296 1300 456 1363 Britannus
473 1301 578 1362 Petilio
593 1299 711 1381 Ceriali,
730 1300 825 1378 legato
843 1300 967 1379 legionis
985 1317 1096 1380 nonae,
1115 1305 1145 1361 in

136 1390 302 1452 subsidium
316 1391 485 1451 adventanti
499 1390 602 1452 obrius
617 1389 693 1449 ludit
706 1388 859 1469 legionem,
874 1395 904 1449 et
918 1388 996 1467 quod
1011 1389 1145 1467 peditum

97 1497 123 1539 so
137 1480 298 1540 interiecit:
319 1478 441 1541 Cerialis
462 1497 530 1540 cum
551 1477 701 1556 equitibus
722 1475 815 1538 ev'asit
835 1479 865 1537 in
887 1484 982 1538 castra
1001 1486 1031 1538 et
1048 1481 1144 1539 muni-

136 1571 244 1629 mentis
267 1567 406 1629 deicnsus
430 1575 484 1629 est.
518 1585 576 1645 qua
598 1566 681 1628 clade
704 1573 734 1627 et
756 1566 831 1626 odiis
850 1567 1032 1644 provinciae,
1057 1585 1146 1646 quam

137 1659 256 1717 avaritia
275 1659 339 1717 eius
358 1658 389 1717 in
407 1655 517 1716 bellurn
529 1663 649 1736 egomt,
666 1654 802 1734 trepidus
820 1661 995 1733 procurator
1009 1653 1101 1716 Catus
1114 1658 1146 1715 in
1164 1677 1167 1682 ·

60 1777 69 1798 ι
137 1744 257 1806 Galliam
272 1746 397 1808 transiit.

204 1830 255 1895 33.
279 1834 317 1893 st
340 1832 500 1893 Suetonius
522 1833 597 1892 mira
621 1832 784 1893 constantia
807 1831 920 1892 medios
943 1833 1021 1893 inter
1043 1832 1147 1893 hostes

138 1921 316 1984 Londinium
325 1923 466 2000 perrexit,
475 1929 670 1999 cognomento
681 1920 800 1999 quidem
809 1919 941 1980 coloniae
951 1936 1011 1982 non
1020 1921 1147 2002 insigne,

138 2009 189 2070 sed
217 2013 301 2088 copia
328 2012 544 2088 negotiatorum
571 2016 602 2069 et
629 2017 845 2070 commeatuum
869 2010 995 2068 maxime
1018 2007 1146 2070 celebre.

137 2097 179 2157 ibi
198 2097 361 2176 ambiguus,
380 2115 416 2157 an
434 2096 514 2157 illem
531 2096 632 2156 sedem
650 2096 727 2156 bello
751 2095 906 2177 deligeret,
929 2098 1146 2176 circumspecta

111 2202 123 2242 s
137 2185 336 2263 infrequentia
350 2183 461 2266 militis,
475 2186 605 2263 satisque
620 2185 733 2262 magnis
748 2184 934 2245 documentis
948 2187 1146 2247 temeritatem

137 2272 235 2334 Petilii
253 2274 425 2352 coercitam,
444 2275 532 2334 unius
551 2272 652 2351 oppidi
669 2273 775 2333 damno
794 2291 912 2334 servare
930 2275 1069 2336 universa
1088 2282 1146 2335 sta·

138 2363 203 2423 tuit.
238 2380 334 2441 neque
356 2360 426 2422 lietu
445 2369 476 2422 et
494 2360 623 2422 lacrimis
642 2361 783 2422 auxilium
801 2363 866 2422 eius
884 2364 1033 2424 orantium
1051 2361 1146 2424 ssextrs

139 2458 196 2531 est,
216 2453 288 2530 quin
307 2450 391 2511 daret
409 2449 602 2529 profectionis
621 2452 738 2529 signum
752 2457 782 2511 et
796 2452 970 2511 comitantes
984 2453 1016 2511 ln
1030 2461 1146 2528 partem

139 2542 263 2619 agminis
281 2542 441 2619 acciperet:
460 2541 489 2601 si
507 2557 581 2620 quos
599 2537 717 2600 inbellis
735 2556 823 2600 sexus
840 2546 891 2600 eut
907 2539 983 2600 lessa
1001 2547 1081 2600 aetas
1100 2538 1146 2599 vel

99 2629 196 2690 soloci
214 2629 339 2691 dulcedo
358 2632 530 2708 attinuerat,
549 2627 585 2689 ab
604 2628 689 2688 hoste
708 2629 843 2706 oppressi
862 2635 939 2689 sunt.
967 2627 1070 2689 eadem
1089 2628 1146 2688 cla-

138 2717 191 2778 des
209 2719 370 2796 municipio
385 2716 550 2780 Verulamio
569 2717 637 2795 luit,
657 2718 725 2796 quis
744 2715 863 2776 barbari
879 2717 998 2777 omissis
1017 2716 1147 2778 castellis

138 2805 353 2884 praesidiisque
363 2806 544 2886 militarium,
559 2805 637 2885 quod
652 2805 836 2866 uberrimum
850 2803 989 2884 spolianti
1002 2813 1032 2865 et
1045 2805 1147 2866 delen-

139 2891 278 2953 dentibus
297 2895 440 2973 intutum,
458 2893 528 2954 laeti
544 2893 655 2971 praeda
672 2901 703 2954 et
720 2891 854 2954 laborum
873 2911 978 2973 segnes
997 2893 1147 2973 petebant.

209 3025 255 3092 32,
275 3031 290 3080 t
309 3024 453 3080 dilabente
463 3027 590 3098 Lipsius:
610 3026 651 3080 sio
668 3026 782 3081 labente
798 3028 838 3096 (et
850 3027 995 3083 relabente
1005 3025 1147 3095 Frontina,

138 3098 168 3152 in
183 3097 257 3152 sicco
271 3095 384 3151 labente
397 3097 494 3166 Jacob)
512 3101 516 3166 Ι
532 3104 548 3153 8
562 3095 705 3152 Britannis
716 3141 722 3152 .
734 3141 740 3154 .
750 3098 890 3156 veteranis
904 3100 966 3157 Juc.
978 3097 1146 3155 Gronovius:

138 3167 305 3225 brittanni.
334 3211 339 3224 .
363 3167 490 3222 ueterani
515 3171 520 3237 l
546 3175 578 3223 13
601 3169 806 3238 praeduxerant
833 3170 929 3227 Haase
952 3173 958 3236 Ι
983 3175 1017 3225 ll
1044 3168 1148 3224 amotis

139 3240 268 3296 Foe‘ruus
288 3241 293 3308 1
313 3237 431 3294 restitit:
458 3239 501 3294 ita
525 3239 607 3308 quasi
626 3240 775 3298 Acidulius
798 3243 804 3312 Ι
829 3247 862 3296 18
889 3239 991 3295 Petilio
1018 3239 1147 3309 lupadus:

138 3312 215 3380 petio
231 3313 236 3380 l
252 3317 285 3366 22
305 3309 426 3365 avaritia
443 3309 502 3365 eius
521 3310 627 3367 Ritter:
647 3310 783 3366 auaritiae
802 3309 935 3382 (sumtis
952 3311 1000 3377 al.)
1020 3312 1025 3378 Ι
1047 3311 1094 3378 stt,
1115 3316 1147 3366 12

138 3380 308 3436 militaribus
324 3383 446 3437 Picbeuo
461 3384 466 3449 Ι
483 3381 617 3452 spolianti
631 3383 784 3440 Mercerus:
801 3380 925 3451 spoliant
939 3378 1073 3449 (spoliata
1085 3382 1147 3437 Jac.

141 3451 304 3520 Gronovius,
325 3452 511 3522 spoliantibus
530 3453 758 3524 Acidalius)113
777 3452 904 3505 hrisurum
923 3450 1050 3521 Lutatius:
1076 3451 1148 3507 ulio·

138 3539 200 3576 rum
216 3523 220 3594 1
237 3538 336 3591 segnes
355 3525 507 3580 Mercerus:
526 3523 643 3594 insigne
