2408 3870
290 177 338 230 AB
357 175 519 231 discnssit
536 175 692 232 AUGUSTI
709 178 744 234 Π.
763 184 876 236 39-43.
1042 181 1087 246 63

77 323 285 404 accipiebatur.
314 324 440 404 augebat
454 326 635 387 intuentium
649 328 730 388 visus
744 329 850 388 eximia
864 329 959 406 ipsius
973 330 1087 407 species

77 430 244 492 currusque
263 415 396 493 quinque
415 413 517 474 liberis
536 421 670 475 onustus.
698 415 750 476 sed
765 414 886 477 suberat
900 416 1015 479 occulta
1029 417 1087 477 ior-

77 501 165 583 mido,
179 502 387 582 reputantibus
401 501 480 563 haud
494 519 672 581 prosperum
681 503 712 562 in
722 502 916 582 Druso-patre
931 505 996 564 eius
1010 505 1087 564 iave-

77 607 140 650 rem
154 589 243 669 vulgi,
258 590 437 652 avunculum
452 590 585 651 eiusdem
599 589 770 651 Marcellum
784 590 977 670 flagrantibus
991 593 1087 670 plebis

76 677 183 738 studiis
202 680 280 740 intra
299 680 450 740 iuventam
469 686 617 759 ereptum,
641 679 746 740 breves
769 686 800 740 et
822 681 967 741 infaustos
985 679 1087 759 populi
1101 693 1128 734 1⁵

75 766 200 827 Romani
214 784 338 828 amores.

142 852 194 915 tn.
214 853 353 916 Cetenrm
371 853 510 916 'liberius
528 857 646 916 nomine
665 855 834 917 Germanici
852 865 989 918 trecenos
1007 855 1088 935 plebi

76 944 232 1002 sestertios
245 945 356 1003 viritim
370 943 452 1004 dedit
466 960 557 1023 seque
571 943 713 1022 collegam
727 944 895 1005 consulatui
914 946 979 1010 eius
998 945 1087 1005 desti·

77 1032 168 1090 navit.
203 1047 259 1091 nec
278 1031 345 1092 ideo
368 1033 501 1092 sincerae
524 1033 656 1093 caritatis
678 1032 767 1093 fidem
790 1033 949 1094 adsecutus
971 1031 1088 1093 amoliri

75 1120 213 1179 iuvenem
235 1121 334 1197 specie
356 1119 480 1181 honoris
503 1122 605 1181 statuit
624 1122 791 1201 struxitque
810 1139 914 1182 causas
937 1129 988 1182 aut
1010 1121 1088 1181 sorte

76 1206 190 1268 oblatas
218 1209 353 1287 arripuit.
394 1226 448 1269 rex
471 1207 632 1269 Archelaus
655 1210 953 1288 quinquagensimum
977 1223 1116 1269 annums

75 1295 259 1373 Cappadocia
286 1294 469 1373 potiebatur,
496 1297 610 1356 inrisus
633 1295 765 1374 Tiberio,
794 1296 871 1374 qnod
900 1315 969 1357 eum
992 1295 1089 1358 Rhodi

76 1391 212 1461 agentern
231 1382 312 1443 nullo
332 1383 431 1443 officio
449 1381 598 1443 coluisset.
626 1400 682 1442 nec
695 1383 724 1442 id
740 1383 902 1444 Archelaus
916 1401 971 1461 per
985 1401 1087 1463 super·

76 1471 155 1530 biam
168 1471 323 1549 omiserat,
338 1470 390 1530 sed
405 1469 441 1529 ab
455 1471 568 1529 intimis
581 1469 708 1546 Augusti
721 1472 851 1530 monitus
856 1517 864 1548 ,
880 1473 948 1548 quia
962 1470 1088 1531 florente

77 1557 149 1618 Gaio
168 1556 292 1617 Caesare
310 1558 461 1635 missoque
480 1556 515 1616 ad
530 1574 579 1616 res
594 1555 724 1617 Orientis
742 1556 838 1618 intllta
857 1557 969 1618 Tiberii
988 1560 1087 1619 amici·

77 1647 118 1705 tia
132 1643 318 1706 credebatur.
347 1652 381 1704 ut
399 1645 487 1705 versa
499 1643 658 1706 Caesarum
673 1643 775 1704 subole
789 1643 948 1724 imperium
963 1644 1087 1724 adeptus
1102 1661 1128 1703 to

77 1740 136 1814 est,
160 1732 241 1793 elicit
259 1731 436 1793 Archelaum
452 1734 557 1793 matris
579 1733 700 1812 litteris,
720 1751 795 1812 quae
813 1751 873 1794 non
892 1733 1086 1795 dissimulatis

77 1821 130 1881 iiiii
145 1819 357 1881 offensionibus
372 1819 557 1882 clementiam
572 1820 725 1901 offerebat,
745 1823 771 1882 si
789 1821 824 1882 ad
843 1821 1025 1901 precandum
1040 1841 1087 1883 ve·

76 1912 162 1971 niret.
201 1907 250 1968 ille
269 1911 391 1987 ignarus
408 1908 469 1970 doli
492 1908 552 1989 vel,
575 1912 602 1970 si
624 1908 795 1988 intellegere
819 1910 1005 1990 crederetur,
1028 1912 1088 1970 dm

76 2006 213 2059 metuens
227 1999 257 2057 in
272 1997 378 2058 urbem
391 2004 543 2077 properat;
558 2005 759 2077 exceptusque
770 1999 876 2058 immiti
885 2018 902 2058 a
912 2000 1046 2077 principe
1058 2007 1088 2059 et

76 2104 144 2147 mox
165 2092 321 2146 accusatus
341 2088 373 2146 in
387 2093 505 2166 senatu,
519 2103 578 2146 non
599 2085 637 2146 ob
655 2087 778 2147 crimina
798 2105 872 2165 qnae
891 2086 1127 2167 tingebantur,1s

78 2174 130 2234 sed
145 2190 266 2253 angore,
281 2172 370 2234 simul
384 2173 481 2234 lessus
495 2176 577 2235 senio
592 2181 622 2234 et
637 2175 705 2253 quia
719 2174 840 2252 regibus
855 2192 961 2255 aequa,
976 2175 1086 2236 nedum

77 2262 178 2322 intime
205 2261 323 2322 insolita
353 2269 435 2343 sunt,
463 2262 553 2323 finem
574 2263 651 2322 vitae
675 2270 780 2341 sponte
803 2281 840 2322 an
863 2264 922 2323 fato
945 2262 1086 2342 implevit.

77 2367 202 2429 regnum
216 2351 246 2409 in
261 2351 443 2428 provinciam
456 2350 609 2411 redactum
624 2357 682 2430 est,
696 2350 903 2430 fructibusque
918 2353 983 2411 eius
996 2351 1087 2412 levari

77 2455 165 2517 posse
191 2440 369 2498 centesimae
394 2437 520 2516 vectigal
544 2439 696 2516 professus
719 2437 826 2498 Caesar
854 2439 1086 2499 ducentesimam

77 2530 107 2587 in
123 2526 276 2605 posterum
290 2527 402 2587 statuit.
425 2544 480 2605 per
494 2526 573 2587 idem
586 2534 705 2605 tempus
718 2526 863 2587 Antiocho
879 2526 1085 2604 Commageno
1100 2539 1127 2582 so

77 2633 157 2694 rum,
172 2613 360 2692 Philopatore
374 2613 498 2675 Cilicum
516 2614 637 2692 regibus
655 2614 804 2687 defunctis
823 2613 1019 2675 turbabantur
1037 2633 1086 2676 na-

77 2705 187 2779 tiones,
202 2701 352 2779 plerisque
366 2701 543 2783 Romanum,
562 2702 627 2763 aliis
641 2705 756 2780 regium
770 2704 927 2780 imperium
942 2705 1086 2782 cupienti-

77 2790 148 2870 bns3
168 2795 197 2848 et
214 2791 384 2868 provinciae
399 2790 485 2851 Suria
505 2798 592 2871 atque
609 2790 727 2871 lordaea,
748 2791 843 2851 fessae
863 2790 1018 2872 oneribus,
1038 2792 1086 2853 de·

76 2879 271 2939 minutionem
286 2877 392 2939 tributi
407 2879 537 2940 orabant.

143 2963 194 3028 43.
222 2966 316 3046 igitur
343 2967 417 3028 haec
440 2968 530 3029 etde
553 2968 692 3029 Armenia
715 2985 790 3046 quae
813 2971 1088 3046 supramemoravi

75 3055 154 3135 apud
168 3062 269 3134 patres
283 3055 433 3135 disseruit,
448 3074 503 3117 nec
517 3074 604 3134 posse
615 3064 727 3116 motum
739 3054 893 3117 Orientem
901 3058 959 3117 nisi
968 3054 1087 3116 Germa·

75 3146 136 3220 nici
160 3145 303 3223 sapientia
326 3144 467 3222 conponi:
490 3161 558 3204 uam
582 3163 665 3205 suam
689 3151 814 3205 aetatem
839 3161 974 3223 vergere,
998 3143 1087 3204 Drusi

74 3231 208 3294 nondum
231 3233 304 3293 satis
330 3230 501 3293 adolevisse.
539 3240 610 3295 tunc
635 3232 755 3293 decreto
781 3239 899 3311 patrum
925 3233 1087 3310 permissae

146 3435 192 3504 41,
213 3440 245 3492 11
265 3434 409 3507 corrigebat
425 3436 521 3493 Haase
540 3439 544 3507 1
566 3437 612 3507 ts,
633 3444 665 3494 12
685 3437 721 3492 ad
741 3433 947 3506 deprecandum
965 3433 1060 3490 Haase
1080 3435 1085 3507 Ι

73 3513 108 3564 18
127 3505 244 3577 ignarus
262 3507 427 3565 Rhenanam
446 3524 549 3579 gnarm
