<?xml version="1.0" encoding="UTF-8"?>
<!DOCTYPE html PUBLIC "-//W3C//DTD XHTML 1.0 Transitional//EN"
    "http://www.w3.org/TR/xhtml1/DTD/xhtml1-transitional.dtd">
<html xmlns="http://www.w3.org/1999/xhtml" xml:lang="en" lang="en">
 <head>
  <title>
</title>
<meta http-equiv="Content-Type" content="text/html;charset=utf-8" />
  <meta name='ocr-system' content='tesseract 3.04.00' />
  <meta name='ocr-capabilities' content='ocr_page ocr_carea ocr_par ocr_line ocrx_word'/>
</head>
<body>
  <div class='ocr_page' id='page_1' title='image "./libriquisupersu00halmgoog_0100.png"; bbox 0 0 2392 3876; ppageno 0'>
   <div class='ocr_carea' id='block_1_1' title="bbox 301 195 1089 262">
    <p class='ocr_par' dir='ltr' id='par_1_1' title="bbox 301 195 1089 262">
     <span class='ocr_line' id='line_1_1' title="bbox 301 195 1089 262; baseline 0.004 -11"><span class='ocrx_word' id='word_1_1' title='bbox 301 197 349 251; x_wconf 86' lang='lat' dir='ltr'>AB</span> <span class='ocrx_word' id='word_1_2' title='bbox 368 195 530 253; x_wconf 77' lang='lat' dir='ltr'>Excusso</span> <span class='ocrx_word' id='word_1_3' title='bbox 548 195 703 253; x_wconf 80' lang='lat' dir='ltr'>AUGUSTI</span> <span class='ocrx_word' id='word_1_4' title='bbox 720 197 766 253; x_wconf 88' lang='lat'>111.</span> <span class='ocrx_word' id='word_1_5' title='bbox 787 204 882 254; x_wconf 72' lang='lat'><strong>7-12.</strong></span> <span class='ocrx_word' id='word_1_6' title='bbox 1047 198 1089 262; x_wconf 83' lang='grc'>89</span> 
     </span>
    </p>
   </div>
   <div class='ocr_carea' id='block_1_2' title="bbox 80 345 1137 3077">
    <p class='ocr_par' dir='ltr' id='par_1_2' title="bbox 80 345 1135 1227">
     <span class='ocr_line' id='line_1_2' title="bbox 81 345 1119 427; baseline 0 -20"><span class='ocrx_word' id='word_1_7' title='bbox 81 347 257 427; x_wconf 78' lang='lat' dir='ltr'><strong>perlaturos.</strong></span> <span class='ocrx_word' id='word_1_8' title='bbox 294 345 343 407; x_wconf 91' lang='lat' dir='ltr'>ille</span> <span class='ocrx_word' id='word_1_9' title='bbox 367 346 488 407; x_wconf 92' lang='lat' dir='ltr'>dimissa</span> <span class='ocrx_word' id='word_1_10' title='bbox 511 347 576 407; x_wconf 90' lang='lat' dir='ltr'>eius</span> <span class='ocrx_word' id='word_1_11' title='bbox 595 363 701 407; x_wconf 91' lang='lat' dir='ltr'>causae</span> <span class='ocrx_word' id='word_1_12' title='bbox 724 345 884 426; x_wconf 86' lang='lat' dir='ltr'>delatione,</span> <span class='ocrx_word' id='word_1_13' title='bbox 907 355 942 407; x_wconf 91' lang='lat' dir='ltr'>ut</span> <span class='ocrx_word' id='word_1_14' title='bbox 961 349 1119 426; x_wconf 78' lang='lat' dir='ltr'>priorem5</span> 
     </span>
     <span class='ocr_line' id='line_1_3' title="bbox 82 434 1092 514; baseline 0 -19"><span class='ocrx_word' id='word_1_15' title='bbox 82 439 172 497; x_wconf 91' lang='lat' dir='ltr'>vitam</span> <span class='ocrx_word' id='word_1_16' title='bbox 186 442 340 497; x_wconf 88' lang='lat' dir='ltr'>accusaret</span> <span class='ocrx_word' id='word_1_17' title='bbox 354 434 492 514; x_wconf 80' lang='lat' dir='ltr'>obtinuit,</span> <span class='ocrx_word' id='word_1_18' title='bbox 512 437 698 514; x_wconf 87' lang='lat' dir='ltr'>petitumque</span> <span class='ocrx_word' id='word_1_19' title='bbox 712 442 759 496; x_wconf 90' lang='lat' dir='ltr'>est</span> <span class='ocrx_word' id='word_1_20' title='bbox 772 454 788 495; x_wconf 94' lang='lat' dir='ltr'>a</span> <span class='ocrx_word' id='word_1_21' title='bbox 802 437 937 513; x_wconf 78' lang='lat' dir='ltr'>principe</span> <span class='ocrx_word' id='word_1_22' title='bbox 952 438 1092 514; x_wconf 88' lang='lat' dir='ltr'>cognitio·</span> 
     </span>
     <span class='ocr_line' id='line_1_4' title="bbox 82 523 1095 604; baseline -0.001 -19"><span class='ocrx_word' id='word_1_23' title='bbox 82 543 150 585; x_wconf 93' lang='lat' dir='ltr'>nem</span> <span class='ocrx_word' id='word_1_24' title='bbox 160 527 317 604; x_wconf 83' lang='lat' dir='ltr'>exciperet.</span> <span class='ocrx_word' id='word_1_25' title='bbox 346 523 477 602; x_wconf 86' lang='lat' dir='ltr'>quodne</span> <span class='ocrx_word' id='word_1_26' title='bbox 492 542 562 584; x_wconf 89' lang='lat' dir='ltr'>reus</span> <span class='ocrx_word' id='word_1_27' title='bbox 576 524 696 603; x_wconf 91' lang='lat' dir='ltr'>quidem</span> <span class='ocrx_word' id='word_1_28' title='bbox 710 523 866 604; x_wconf 83' lang='lat' dir='ltr'>abnuebat,</span> <span class='ocrx_word' id='word_1_29' title='bbox 881 524 978 584; x_wconf 90' lang='lat' dir='ltr'>studia</span> <span class='ocrx_word' id='word_1_30' title='bbox 991 524 1095 603; x_wconf 94' lang='lat' dir='ltr'>populi</span> 
     </span>
     <span class='ocr_line' id='line_1_5' title="bbox 82 611 1094 692; baseline -0.002 -18"><span class='ocrx_word' id='word_1_31' title='bbox 82 622 112 674; x_wconf 91' lang='lat' dir='ltr'>et</span> <span class='ocrx_word' id='word_1_32' title='bbox 130 621 248 692; x_wconf 91' lang='lat' dir='ltr'>patrum</span> <span class='ocrx_word' id='word_1_33' title='bbox 267 619 416 673; x_wconf 86' lang='lat' dir='ltr'>metuens:</span> <span class='ocrx_word' id='word_1_34' title='bbox 438 621 540 672; x_wconf 92' lang='lat' dir='ltr'>contra</span> <span class='ocrx_word' id='word_1_35' title='bbox 555 611 708 672; x_wconf 86' lang='lat' dir='ltr'>Tiberium</span> <span class='ocrx_word' id='word_1_36' title='bbox 727 612 902 691; x_wconf 87' lang='lat' dir='ltr'>spernendis</span> <span class='ocrx_word' id='word_1_37' title='bbox 923 612 1094 674; x_wconf 91' lang='lat' dir='ltr'>rumoribus</span> 
     </span>
     <span class='ocr_line' id='line_1_6' title="bbox 82 702 1094 782; baseline -0.002 -20"><span class='ocrx_word' id='word_1_38' title='bbox 82 702 211 763; x_wconf 82' lang='lat' dir='ltr'>validum</span> <span class='ocrx_word' id='word_1_39' title='bbox 226 709 256 762; x_wconf 92' lang='lat' dir='ltr'>et</span> <span class='ocrx_word' id='word_1_40' title='bbox 270 703 469 762; x_wconf 87' lang='lat' dir='ltr'>conscientiae</span> <span class='ocrx_word' id='word_1_41' title='bbox 484 703 588 761; x_wconf 92' lang='lat' dir='ltr'>matris</span> <span class='ocrx_word' id='word_1_42' title='bbox 602 703 743 761; x_wconf 88' lang='lat' dir='ltr'>innexum</span> <span class='ocrx_word' id='word_1_43' title='bbox 758 719 837 782; x_wconf 80' lang='lat' dir='ltr'>esse3</span> <span class='ocrx_word' id='word_1_44' title='bbox 855 719 984 780; x_wconf 83' lang='lat' dir='ltr'>veraque</span> <span class='ocrx_word' id='word_1_45' title='bbox 998 703 1094 764; x_wconf 93' lang='lat' dir='ltr'>autin</span> 
     </span>
     <span class='ocr_line' id='line_1_7' title="bbox 82 788 1135 870; baseline -0.008 -19"><span class='ocrx_word' id='word_1_46' title='bbox 82 792 214 852; x_wconf 89' lang='lat' dir='ltr'>deterius</span> <span class='ocrx_word' id='word_1_47' title='bbox 230 791 342 850; x_wconf 88' lang='lat' dir='ltr'>credita</span> <span class='ocrx_word' id='word_1_48' title='bbox 356 790 455 850; x_wconf 90' lang='lat' dir='ltr'>iudice</span> <span class='ocrx_word' id='word_1_49' title='bbox 470 788 506 850; x_wconf 90' lang='lat' dir='ltr'>ab</span> <span class='ocrx_word' id='word_1_50' title='bbox 520 807 580 850; x_wconf 94' lang='lat' dir='ltr'>uno</span> <span class='ocrx_word' id='word_1_51' title='bbox 594 789 710 850; x_wconf 81' lang='lat' dir='ltr'>facilius</span> <span class='ocrx_word' id='word_1_52' title='bbox 725 789 864 870; x_wconf 78' lang='lat' dir='ltr'>discerni,</span> <span class='ocrx_word' id='word_1_53' title='bbox 883 790 983 850; x_wconf 88' lang='lat' dir='ltr'>odium</span> <span class='ocrx_word' id='word_1_54' title='bbox 1003 797 1032 850; x_wconf 93' lang='lat' dir='ltr'>et</span> <span class='ocrx_word' id='word_1_55' title='bbox 1051 791 1093 849; x_wconf 91' lang='lat' dir='ltr'>in·</span> <span class='ocrx_word' id='word_1_56' title='bbox 1109 802 1135 843; x_wconf 84' lang='lat' dir='ltr'>ro</span> 
     </span>
     <span class='ocr_line' id='line_1_8' title="bbox 80 877 1095 958; baseline -0.002 -19"><span class='ocrx_word' id='word_1_57' title='bbox 80 880 189 940; x_wconf 90' lang='lat' dir='ltr'>vidiam</span> <span class='ocrx_word' id='word_1_58' title='bbox 210 879 287 958; x_wconf 90' lang='lat' dir='ltr'>apud</span> <span class='ocrx_word' id='word_1_59' title='bbox 311 877 420 938; x_wconf 89' lang='lat' dir='ltr'>multos</span> <span class='ocrx_word' id='word_1_60' title='bbox 444 877 549 939; x_wconf 87' lang='lat' dir='ltr'>valere.</span> <span class='ocrx_word' id='word_1_61' title='bbox 583 877 662 939; x_wconf 87' lang='lat' dir='ltr'>haud</span> <span class='ocrx_word' id='word_1_62' title='bbox 685 877 804 938; x_wconf 82' lang='lat' dir='ltr'>fallebat</span> <span class='ocrx_word' id='word_1_63' title='bbox 826 877 979 939; x_wconf 86' lang='lat' dir='ltr'>Tiberium</span> <span class='ocrx_word' id='word_1_64' title='bbox 1002 878 1095 938; x_wconf 93' lang='lat' dir='ltr'>moles</span> 
     </span>
     <span class='ocr_line' id='line_1_9' title="bbox 82 966 1094 1046; baseline -0.002 -18"><span class='ocrx_word' id='word_1_65' title='bbox 82 969 260 1046; x_wconf 84' lang='lat' dir='ltr'>cognitionis</span> <span class='ocrx_word' id='word_1_66' title='bbox 276 984 392 1045; x_wconf 90' lang='lat' dir='ltr'>quaque</span> <span class='ocrx_word' id='word_1_67' title='bbox 406 968 470 1044; x_wconf 90' lang='lat' dir='ltr'>ipse</span> <span class='ocrx_word' id='word_1_68' title='bbox 485 967 561 1027; x_wconf 89' lang='lat' dir='ltr'>lama</span> <span class='ocrx_word' id='word_1_69' title='bbox 576 966 800 1027; x_wconf 85' lang='lat' dir='ltr'>distraheretur.</span> <span class='ocrx_word' id='word_1_70' title='bbox 828 968 919 1045; x_wconf 89' lang='lat' dir='ltr'>igitur</span> <span class='ocrx_word' id='word_1_71' title='bbox 937 968 1040 1045; x_wconf 89' lang='lat' dir='ltr'>paucis</span> <span class='ocrx_word' id='word_1_72' title='bbox 1054 966 1094 1026; x_wconf 91' lang='lat' dir='ltr'>fa·</span> 
     </span>
     <span class='ocr_line' id='line_1_10' title="bbox 81 1054 1095 1134; baseline -0.001 -18"><span class='ocrx_word' id='word_1_73' title='bbox 81 1057 230 1116; x_wconf 90' lang='lat' dir='ltr'>miliarum</span> <span class='ocrx_word' id='word_1_74' title='bbox 249 1054 390 1116; x_wconf 85' lang='lat' dir='ltr'>adhibitis</span> <span class='ocrx_word' id='word_1_75' title='bbox 409 1057 504 1116; x_wconf 89' lang='lat' dir='ltr'>minas</span> <span class='ocrx_word' id='word_1_76' title='bbox 522 1057 725 1116; x_wconf 88' lang='lat' dir='ltr'>accusantium</span> <span class='ocrx_word' id='word_1_77' title='bbox 745 1063 775 1115; x_wconf 91' lang='lat' dir='ltr'>et</span> <span class='ocrx_word' id='word_1_78' title='bbox 792 1054 862 1116; x_wconf 89' lang='lat' dir='ltr'>binc</span> <span class='ocrx_word' id='word_1_79' title='bbox 886 1062 991 1134; x_wconf 79' lang='lat' dir='ltr'>preces</span> <span class='ocrx_word' id='word_1_80' title='bbox 1013 1055 1095 1116; x_wconf 90' lang='lat' dir='ltr'>audit</span> 
     </span>
     <span class='ocr_line' id='line_1_11' title="bbox 81 1144 769 1227; baseline -0.003 -22"><span class='ocrx_word' id='word_1_81' title='bbox 81 1147 287 1227; x_wconf 79' lang='lat' dir='ltr'>integramque</span> <span class='ocrx_word' id='word_1_82' title='bbox 302 1161 421 1205; x_wconf 88' lang='lat' dir='ltr'>causam</span> <span class='ocrx_word' id='word_1_83' title='bbox 435 1144 471 1205; x_wconf 91' lang='lat' dir='ltr'>ad</span> <span class='ocrx_word' id='word_1_84' title='bbox 486 1152 621 1204; x_wconf 89' lang='lat' dir='ltr'>senatum</span> <span class='ocrx_word' id='word_1_85' title='bbox 635 1145 769 1204; x_wconf 91' lang='lat' dir='ltr'>remittit.</span> 
     </span>
    </p>

    <p class='ocr_par' dir='ltr' id='par_1_3' title="bbox 81 1231 1136 2176">
     <span class='ocr_line' id='line_1_12' title="bbox 150 1231 1096 1312; baseline -0.003 -18"><span class='ocrx_word' id='word_1_86' title='bbox 150 1232 199 1294; x_wconf 89' lang='grc'>11.</span> <span class='ocrx_word' id='word_1_87' title='bbox 223 1233 319 1312; x_wconf 90' lang='lat' dir='ltr'>Atque</span> <span class='ocrx_word' id='word_1_88' title='bbox 342 1234 464 1292; x_wconf 87' lang='lat' dir='ltr'>interim</span> <span class='ocrx_word' id='word_1_89' title='bbox 482 1232 596 1293; x_wconf 87' lang='lat' dir='ltr'>Drusus</span> <span class='ocrx_word' id='word_1_90' title='bbox 619 1233 738 1292; x_wconf 90' lang='lat' dir='ltr'>rediens</span> <span class='ocrx_word' id='word_1_91' title='bbox 761 1231 891 1312; x_wconf 79' lang='lat' dir='ltr'>illyrico,</span> <span class='ocrx_word' id='word_1_92' title='bbox 918 1249 1096 1311; x_wconf 89' lang='lat' dir='ltr'>quamquam</span> 
     </span>
     <span class='ocr_line' id='line_1_13' title="bbox 81 1319 1095 1400; baseline -0.003 -18"><span class='ocrx_word' id='word_1_93' title='bbox 81 1330 181 1400; x_wconf 91' lang='lat' dir='ltr'>patres</span> <span class='ocrx_word' id='word_1_94' title='bbox 202 1324 391 1383; x_wconf 87' lang='lat' dir='ltr'>censuissent</span> <span class='ocrx_word' id='word_1_95' title='bbox 409 1319 446 1380; x_wconf 92' lang='lat' dir='ltr'>ob</span> <span class='ocrx_word' id='word_1_96' title='bbox 465 1328 620 1398; x_wconf 89' lang='lat' dir='ltr'>receptum</span> <span class='ocrx_word' id='word_1_97' title='bbox 639 1319 853 1380; x_wconf 85' lang='lat' dir='ltr'>Maroboduum</span> <span class='ocrx_word' id='word_1_98' title='bbox 871 1328 902 1380; x_wconf 87' lang='lat' dir='ltr'>et</span> <span class='ocrx_word' id='word_1_99' title='bbox 924 1339 973 1381; x_wconf 91' lang='lat' dir='ltr'>res</span> <span class='ocrx_word' id='word_1_100' title='bbox 996 1323 1095 1399; x_wconf 89' lang='lat' dir='ltr'>priore</span> 
     </span>
     <span class='ocr_line' id='line_1_14' title="bbox 82 1406 1096 1488; baseline -0.001 -18"><span class='ocrx_word' id='word_1_101' title='bbox 82 1418 193 1470; x_wconf 87' lang='lat' dir='ltr'>aestate</span> <span class='ocrx_word' id='word_1_102' title='bbox 208 1417 305 1486; x_wconf 89' lang='lat' dir='ltr'>gestas</span> <span class='ocrx_word' id='word_1_103' title='bbox 320 1416 355 1469; x_wconf 90' lang='lat' dir='ltr'>ut</span> <span class='ocrx_word' id='word_1_104' title='bbox 368 1425 458 1469; x_wconf 85' lang='lat' dir='ltr'>ovans</span> <span class='ocrx_word' id='word_1_105' title='bbox 473 1409 571 1488; x_wconf 91' lang='lat' dir='ltr'>iniret,</span> <span class='ocrx_word' id='word_1_106' title='bbox 592 1408 706 1486; x_wconf 88' lang='lat' dir='ltr'>prolato</span> <span class='ocrx_word' id='word_1_107' title='bbox 721 1407 833 1468; x_wconf 86' lang='lat' dir='ltr'>honore</span> <span class='ocrx_word' id='word_1_108' title='bbox 849 1406 953 1468; x_wconf 91' lang='lat' dir='ltr'>urbem</span> <span class='ocrx_word' id='word_1_109' title='bbox 967 1411 1096 1469; x_wconf 82' lang='lat' dir='ltr'>intrarit.</span> 
     </span>
     <span class='ocr_line' id='line_1_15' title="bbox 82 1494 1096 1576; baseline -0.001 -19"><span class='ocrx_word' id='word_1_110' title='bbox 82 1505 151 1576; x_wconf 91' lang='lat' dir='ltr'>post</span> <span class='ocrx_word' id='word_1_111' title='bbox 170 1515 245 1575; x_wconf 91' lang='lat' dir='ltr'>quae</span> <span class='ocrx_word' id='word_1_112' title='bbox 264 1514 315 1556; x_wconf 92' lang='lat' dir='ltr'>reo</span> <span class='ocrx_word' id='word_1_113' title='bbox 335 1495 367 1556; x_wconf 91' lang='lat' dir='ltr'>L.</span> <span class='ocrx_word' id='word_1_114' title='bbox 381 1496 570 1575; x_wconf 80' lang='lat' dir='ltr'>Arruntium,</span> <span class='ocrx_word' id='word_1_115' title='bbox 593 1496 625 1555; x_wconf 92' lang='lat' dir='ltr'>P.</span> <span class='ocrx_word' id='word_1_116' title='bbox 640 1494 800 1576; x_wconf 92' lang='lat' dir='ltr'>Vinicium,</span> <span class='ocrx_word' id='word_1_117' title='bbox 822 1496 957 1557; x_wconf 80' lang='lat' dir='ltr'>Asinium</span> <span class='ocrx_word' id='word_1_118' title='bbox 973 1495 1096 1576; x_wconf 90' lang='lat' dir='ltr'>Gallum,</span> 
     </span>
     <span class='ocr_line' id='line_1_16' title="bbox 83 1582 1123 1662; baseline -0.006 -17"><span class='ocrx_word' id='word_1_119' title='bbox 83 1586 281 1645; x_wconf 78' lang='lat' dir='ltr'>Aeserninum</span> <span class='ocrx_word' id='word_1_120' title='bbox 296 1582 476 1662; x_wconf 88' lang='lat' dir='ltr'>Marcellum,</span> <span class='ocrx_word' id='word_1_121' title='bbox 495 1583 562 1644; x_wconf 78' lang='lat' dir='ltr'>Sex,</span> <span class='ocrx_word' id='word_1_122' title='bbox 576 1583 750 1660; x_wconf 92' lang='lat' dir='ltr'>Pompeium</span> <span class='ocrx_word' id='word_1_123' title='bbox 763 1591 904 1662; x_wconf 89' lang='lat' dir='ltr'>patronos</span> <span class='ocrx_word' id='word_1_124' title='bbox 919 1586 1033 1661; x_wconf 90' lang='lat' dir='ltr'>petenti</span> <span class='ocrx_word' id='word_1_125' title='bbox 1046 1585 1095 1644; x_wconf 91' lang='lat' dir='ltr'>iis·</span> <span class='ocrx_word' id='word_1_126' title='bbox 1110 1598 1123 1639; x_wconf 81' lang='lat'><strong>5</strong></span> 
     </span>
     <span class='ocr_line' id='line_1_17' title="bbox 84 1670 1097 1775; baseline -0.003 -41"><span class='ocrx_word' id='word_1_127' title='bbox 84 1692 142 1753; x_wconf 92' lang='lat' dir='ltr'>que</span> <span class='ocrx_word' id='word_1_128' title='bbox 163 1673 277 1733; x_wconf 90' lang='lat' dir='ltr'>diversa</span> <span class='ocrx_word' id='word_1_129' title='bbox 294 1670 505 1733; x_wconf 83' lang='lat' dir='ltr'>excusantibus</span> <span class='ocrx_word' id='word_1_130' title='bbox 519 1671 566 1732; x_wconf 88' lang='lat' dir='ltr'>bl&#39;.</span> <span class='ocrx_word' id='word_1_131' title='bbox 581 1671 711 1775; x_wconf 84' lang='lat' dir='ltr'>Lepidus</span> <span class='ocrx_word' id='word_1_132' title='bbox 731 1671 805 1732; x_wconf 86' lang='lat' dir='ltr'>etL</span> <span class='ocrx_word' id='word_1_133' title='bbox 819 1671 888 1732; x_wconf 92' lang='lat' dir='ltr'>Piso</span> <span class='ocrx_word' id='word_1_134' title='bbox 903 1679 933 1732; x_wconf 92' lang='lat' dir='ltr'>et</span> <span class='ocrx_word' id='word_1_135' title='bbox 946 1672 1097 1732; x_wconf 88' lang='lat' dir='ltr'>Livineius</span> 
     </span>
     <span class='ocr_line' id='line_1_18' title="bbox 83 1760 1097 1841; baseline -0.002 -18"><span class='ocrx_word' id='word_1_136' title='bbox 83 1761 215 1841; x_wconf 85' lang='lat' dir='ltr'>Regulus</span> <span class='ocrx_word' id='word_1_137' title='bbox 230 1762 360 1839; x_wconf 84' lang='lat' dir='ltr'>adfuere,</span> <span class='ocrx_word' id='word_1_138' title='bbox 382 1761 501 1821; x_wconf 88' lang='lat' dir='ltr'>adrecta</span> <span class='ocrx_word' id='word_1_139' title='bbox 520 1763 600 1821; x_wconf 91' lang='lat' dir='ltr'>omni</span> <span class='ocrx_word' id='word_1_140' title='bbox 619 1763 750 1840; x_wconf 89' lang='lat' dir='ltr'>civitate,</span> <span class='ocrx_word' id='word_1_141' title='bbox 770 1769 879 1839; x_wconf 92' lang='lat' dir='ltr'>quanta</span> <span class='ocrx_word' id='word_1_142' title='bbox 902 1760 975 1821; x_wconf 87' lang='lat' dir='ltr'>tides</span> <span class='ocrx_word' id='word_1_143' title='bbox 994 1762 1097 1821; x_wconf 90' lang='lat' dir='ltr'>amicis</span> 
     </span>
     <span class='ocr_line' id='line_1_19' title="bbox 83 1832 1098 1930; baseline -0.002 -19"><span class='ocrx_word' id='word_1_144' title='bbox 83 1851 264 1930; x_wconf 88' lang='lat' dir='ltr'>Germanici,</span> <span class='ocrx_word' id='word_1_145' title='bbox 293 1867 368 1928; x_wconf 90' lang='lat' dir='ltr'>quae</span> <span class='ocrx_word' id='word_1_146' title='bbox 392 1832 499 1909; x_wconf 69' lang='lat' dir='ltr'>fiducia</span> <span class='ocrx_word' id='word_1_147' title='bbox 522 1867 587 1926; x_wconf 91' lang='lat' dir='ltr'>reo;</span> <span class='ocrx_word' id='word_1_148' title='bbox 615 1851 692 1909; x_wconf 90' lang='lat' dir='ltr'>satin</span> <span class='ocrx_word' id='word_1_149' title='bbox 716 1848 869 1910; x_wconf 87' lang='lat' dir='ltr'>cohiberet</span> <span class='ocrx_word' id='word_1_150' title='bbox 891 1866 925 1911; x_wconf 87' lang='lat' dir='ltr'>ao</span> <span class='ocrx_word' id='word_1_151' title='bbox 948 1857 1098 1928; x_wconf 89' lang='lat' dir='ltr'>premeret</span> 
     </span>
     <span class='ocr_line' id='line_1_20' title="bbox 83 1936 1096 2032; baseline -0.004 -32"><span class='ocrx_word' id='word_1_152' title='bbox 83 1957 189 2000; x_wconf 92' lang='lat' dir='ltr'>sensus</span> <span class='ocrx_word' id='word_1_153' title='bbox 217 1955 288 1998; x_wconf 89' lang='lat' dir='ltr'>suos</span> <span class='ocrx_word' id='word_1_154' title='bbox 311 1937 458 1997; x_wconf 86' lang='lat' dir='ltr'>Tiberius.</span> <span class='ocrx_word' id='word_1_155' title='bbox 499 1936 578 1998; x_wconf 90' lang='lat' dir='ltr'>haud</span> <span class='ocrx_word' id='word_1_156' title='bbox 606 1937 678 1998; x_wconf 90' lang='lat' dir='ltr'>alias</span> <span class='ocrx_word' id='word_1_157' title='bbox 703 1939 846 1999; x_wconf 91' lang='lat' dir='ltr'>intentior</span> <span class='ocrx_word' id='word_1_158' title='bbox 873 1937 1001 2016; x_wconf 92' lang='lat' dir='ltr'>populus</span> <span class='ocrx_word' id='word_1_159' title='bbox 1029 1937 1096 2032; x_wconf 88' lang='lat' dir='ltr'>plus</span> 
     </span>
     <span class='ocr_line' id='line_1_21' title="bbox 83 2025 1136 2106; baseline -0.007 -18"><span class='ocrx_word' id='word_1_160' title='bbox 83 2028 167 2088; x_wconf 90' lang='lat' dir='ltr'>sibi</span> <span class='ocrx_word' id='word_1_161' title='bbox 159 2045 190 2087; x_wconf 90' lang='lat' dir='ltr'>m</span> <span class='ocrx_word' id='word_1_162' title='bbox 209 2028 377 2106; x_wconf 88' lang='lat' dir='ltr'>principem</span> <span class='ocrx_word' id='word_1_163' title='bbox 395 2025 529 2087; x_wconf 84' lang='lat' dir='ltr'>occultae</span> <span class='ocrx_word' id='word_1_164' title='bbox 548 2027 629 2086; x_wconf 85' lang='lat' dir='ltr'>vocis</span> <span class='ocrx_word' id='word_1_165' title='bbox 648 2033 700 2087; x_wconf 86' lang='lat' dir='ltr'>aut</span> <span class='ocrx_word' id='word_1_166' title='bbox 718 2028 881 2105; x_wconf 80' lang='lat' dir='ltr'>suspicacis</span> <span class='ocrx_word' id='word_1_167' title='bbox 899 2026 1010 2087; x_wconf 90' lang='lat' dir='ltr'>silentii</span> <span class='ocrx_word' id='word_1_168' title='bbox 1030 2043 1095 2105; x_wconf 91' lang='lat' dir='ltr'>per·</span> <span class='ocrx_word' id='word_1_169' title='bbox 1111 2042 1136 2082; x_wconf 85' lang='lat' dir='ltr'>ro</span> 
     </span>
     <span class='ocr_line' id='line_1_22' title="bbox 82 2118 172 2176; baseline -0.011 0"><span class='ocrx_word' id='word_1_170' title='bbox 82 2118 172 2176; x_wconf 90' lang='lat' dir='ltr'>misit.</span> 
     </span>
    </p>

    <p class='ocr_par' dir='ltr' id='par_1_4' title="bbox 83 2198 1137 3077">
     <span class='ocr_line' id='line_1_23' title="bbox 153 2198 1096 2264; baseline 0 0"><span class='ocrx_word' id='word_1_171' title='bbox 153 2201 202 2264; x_wconf 82' lang='lat'>12.</span> <span class='ocrx_word' id='word_1_172' title='bbox 225 2203 277 2263; x_wconf 86' lang='lat' dir='ltr'>Die</span> <span class='ocrx_word' id='word_1_173' title='bbox 297 2198 418 2263; x_wconf 86' lang='lat' dir='ltr'>senatus</span> <span class='ocrx_word' id='word_1_174' title='bbox 433 2201 540 2263; x_wconf 87' lang='lat' dir='ltr'>Caesar</span> <span class='ocrx_word' id='word_1_175' title='bbox 559 2206 724 2264; x_wconf 89' lang='lat' dir='ltr'>orationem</span> <span class='ocrx_word' id='word_1_176' title='bbox 742 2203 846 2264; x_wconf 91' lang='lat' dir='ltr'>hahuit</span> <span class='ocrx_word' id='word_1_177' title='bbox 864 2200 1005 2264; x_wconf 89' lang='lat' dir='ltr'>meditato</span> <span class='ocrx_word' id='word_1_178' title='bbox 1024 2210 1096 2263; x_wconf 89' lang='lat' dir='ltr'>tem·</span> 
     </span>
     <span class='ocr_line' id='line_1_24' title="bbox 83 2291 1096 2372; baseline 0 -21"><span class='ocrx_word' id='word_1_179' title='bbox 83 2298 264 2372; x_wconf 80' lang='lat' dir='ltr'>paramento.</span> <span class='ocrx_word' id='word_1_180' title='bbox 293 2293 386 2370; x_wconf 91' lang='lat' dir='ltr'>patris</span> <span class='ocrx_word' id='word_1_181' title='bbox 401 2293 448 2352; x_wconf 91' lang='lat' dir='ltr'>sui</span> <span class='ocrx_word' id='word_1_182' title='bbox 462 2291 590 2370; x_wconf 84' lang='lat' dir='ltr'>legatum</span> <span class='ocrx_word' id='word_1_183' title='bbox 605 2300 694 2371; x_wconf 90' lang='lat' dir='ltr'>atque</span> <span class='ocrx_word' id='word_1_184' title='bbox 710 2294 837 2353; x_wconf 92' lang='lat' dir='ltr'>amicum</span> <span class='ocrx_word' id='word_1_185' title='bbox 851 2292 990 2354; x_wconf 88' lang='lat' dir='ltr'>Pisonem</span> <span class='ocrx_word' id='word_1_186' title='bbox 1004 2293 1096 2352; x_wconf 89' lang='lat' dir='ltr'>luisse</span> 
     </span>
     <span class='ocr_line' id='line_1_25' title="bbox 83 2379 1096 2459; baseline -0.001 -18"><span class='ocrx_word' id='word_1_187' title='bbox 83 2381 309 2459; x_wconf 91' lang='lat' dir='ltr'>adiutoremque</span> <span class='ocrx_word' id='word_1_188' title='bbox 328 2380 502 2440; x_wconf 89' lang='lat' dir='ltr'>Germanico</span> <span class='ocrx_word' id='word_1_189' title='bbox 522 2380 623 2441; x_wconf 87' lang='lat' dir='ltr'>datum</span> <span class='ocrx_word' id='word_1_190' title='bbox 642 2399 658 2440; x_wconf 91' lang='lat' dir='ltr'>a</span> <span class='ocrx_word' id='word_1_191' title='bbox 678 2399 709 2440; x_wconf 92' lang='lat' dir='ltr'>se</span> <span class='ocrx_word' id='word_1_192' title='bbox 733 2389 854 2441; x_wconf 87' lang='lat' dir='ltr'>auctore</span> <span class='ocrx_word' id='word_1_193' title='bbox 877 2389 982 2443; x_wconf 89' lang='lat' dir='ltr'>senatu</span> <span class='ocrx_word' id='word_1_194' title='bbox 1006 2379 1096 2441; x_wconf 91' lang='lat' dir='ltr'>rebus</span> 
     </span>
     <span class='ocr_line' id='line_1_26' title="bbox 83 2468 1096 2547; baseline -0.003 -17"><span class='ocrx_word' id='word_1_195' title='bbox 83 2470 161 2547; x_wconf 90' lang='lat' dir='ltr'>apud</span> <span class='ocrx_word' id='word_1_196' title='bbox 173 2469 325 2529; x_wconf 89' lang='lat' dir='ltr'>Orientem</span> <span class='ocrx_word' id='word_1_197' title='bbox 337 2468 587 2529; x_wconf 91' lang='lat' dir='ltr'>administrandis.</span> <span class='ocrx_word' id='word_1_198' title='bbox 615 2468 676 2529; x_wconf 91' lang='lat' dir='ltr'>illic</span> <span class='ocrx_word' id='word_1_199' title='bbox 690 2471 876 2530; x_wconf 90' lang='lat' dir='ltr'>contumacia</span> <span class='ocrx_word' id='word_1_200' title='bbox 890 2477 920 2529; x_wconf 89' lang='lat' dir='ltr'>et</span> <span class='ocrx_word' id='word_1_201' title='bbox 929 2470 1096 2529; x_wconf 90' lang='lat' dir='ltr'>certamini·</span> 
     </span>
     <span class='ocr_line' id='line_1_27' title="bbox 83 2556 1123 2636; baseline -0.005 -18"><span class='ocrx_word' id='word_1_202' title='bbox 83 2557 140 2618; x_wconf 90' lang='lat' dir='ltr'>bus</span> <span class='ocrx_word' id='word_1_203' title='bbox 159 2565 327 2636; x_wconf 88' lang='lat' dir='ltr'>asperasset</span> <span class='ocrx_word' id='word_1_204' title='bbox 344 2559 482 2616; x_wconf 89' lang='lat' dir='ltr'>iuvenem</span> <span class='ocrx_word' id='word_1_205' title='bbox 501 2559 642 2635; x_wconf 84' lang='lat' dir='ltr'>exituque</span> <span class='ocrx_word' id='word_1_206' title='bbox 657 2559 721 2618; x_wconf 92' lang='lat' dir='ltr'>eius</span> <span class='ocrx_word' id='word_1_207' title='bbox 736 2556 861 2618; x_wconf 87' lang='lat' dir='ltr'>laetatus</span> <span class='ocrx_word' id='word_1_208' title='bbox 875 2563 963 2636; x_wconf 90' lang='lat' dir='ltr'>esset,</span> <span class='ocrx_word' id='word_1_209' title='bbox 983 2574 1018 2616; x_wconf 93' lang='lat' dir='ltr'>an</span> <span class='ocrx_word' id='word_1_210' title='bbox 1035 2570 1123 2616; x_wconf 83' lang='lat' dir='ltr'>sce-5</span> 
     </span>
     <span class='ocr_line' id='line_1_28' title="bbox 83 2640 1096 2723; baseline -0.002 -16"><span class='ocrx_word' id='word_1_211' title='bbox 83 2646 146 2707; x_wconf 90' lang='lat' dir='ltr'>lere</span> <span class='ocrx_word' id='word_1_212' title='bbox 161 2647 344 2722; x_wconf 88' lang='lat' dir='ltr'>extinxisset,</span> <span class='ocrx_word' id='word_1_213' title='bbox 358 2647 483 2721; x_wconf 89' lang='lat' dir='ltr'>integris</span> <span class='ocrx_word' id='word_1_214' title='bbox 497 2646 603 2704; x_wconf 88' lang='lat' dir='ltr'>animis</span> <span class='ocrx_word' id='word_1_215' title='bbox 617 2645 848 2706; x_wconf 77' lang='lat' dir='ltr'>diiudicandum.</span> <span class='ocrx_word' id='word_1_216' title='bbox 876 2640 955 2704; x_wconf 71' lang='lat' dir='ltr'>‘nam</span> <span class='ocrx_word' id='word_1_217' title='bbox 974 2646 1000 2704; x_wconf 93' lang='lat' dir='ltr'>si</span> <span class='ocrx_word' id='word_1_218' title='bbox 1020 2644 1096 2723; x_wconf 90' lang='lat' dir='ltr'>lega-</span> 
     </span>
     <span class='ocr_line' id='line_1_29' title="bbox 84 2731 1097 2813; baseline -0.001 -18"><span class='ocrx_word' id='word_1_219' title='bbox 84 2743 134 2795; x_wconf 90' lang='lat' dir='ltr'>tus</span> <span class='ocrx_word' id='word_1_220' title='bbox 149 2733 240 2793; x_wconf 85' lang='lat' dir='ltr'>officii</span> <span class='ocrx_word' id='word_1_221' title='bbox 253 2733 406 2811; x_wconf 88' lang='lat' dir='ltr'>terminos,</span> <span class='ocrx_word' id='word_1_222' title='bbox 426 2731 601 2811; x_wconf 88' lang='lat' dir='ltr'>obsequium</span> <span class='ocrx_word' id='word_1_223' title='bbox 616 2751 686 2810; x_wconf 90' lang='lat' dir='ltr'>erga</span> <span class='ocrx_word' id='word_1_224' title='bbox 699 2736 909 2813; x_wconf 89' lang='lat' dir='ltr'>imperatorem</span> <span class='ocrx_word' id='word_1_225' title='bbox 923 2735 1006 2794; x_wconf 87' lang='lat' dir='ltr'>exuit</span> <span class='ocrx_word' id='word_1_226' title='bbox 1020 2736 1097 2794; x_wconf 90' lang='lat' dir='ltr'>eius·</span> 
     </span>
     <span class='ocr_line' id='line_1_30' title="bbox 84 2819 1096 2903; baseline 0 -20"><span class='ocrx_word' id='word_1_227' title='bbox 84 2823 212 2900; x_wconf 89' lang='lat' dir='ltr'>demque</span> <span class='ocrx_word' id='word_1_228' title='bbox 230 2827 325 2880; x_wconf 91' lang='lat' dir='ltr'>morte</span> <span class='ocrx_word' id='word_1_229' title='bbox 345 2828 375 2880; x_wconf 91' lang='lat' dir='ltr'>et</span> <span class='ocrx_word' id='word_1_230' title='bbox 388 2819 471 2881; x_wconf 91' lang='lat' dir='ltr'>luctu</span> <span class='ocrx_word' id='word_1_231' title='bbox 485 2837 551 2880; x_wconf 92' lang='lat' dir='ltr'>meo</span> <span class='ocrx_word' id='word_1_232' title='bbox 571 2820 696 2882; x_wconf 91' lang='lat' dir='ltr'>laetatus</span> <span class='ocrx_word' id='word_1_233' title='bbox 710 2829 769 2902; x_wconf 91' lang='lat' dir='ltr'>est,</span> <span class='ocrx_word' id='word_1_234' title='bbox 788 2821 878 2883; x_wconf 92' lang='lat' dir='ltr'>odero</span> <span class='ocrx_word' id='word_1_235' title='bbox 897 2839 1096 2903; x_wconf 88' lang='lat' dir='ltr'>seponamque</span> 
     </span>
     <span class='ocr_line' id='line_1_31' title="bbox 84 2910 1096 2988; baseline -0.001 -16"><span class='ocrx_word' id='word_1_236' title='bbox 84 2931 100 2972; x_wconf 91' lang='lat' dir='ltr'>a</span> <span class='ocrx_word' id='word_1_237' title='bbox 115 2912 202 2971; x_wconf 92' lang='lat' dir='ltr'>domo</span> <span class='ocrx_word' id='word_1_238' title='bbox 216 2927 282 2969; x_wconf 90' lang='lat' dir='ltr'>mea</span> <span class='ocrx_word' id='word_1_239' title='bbox 296 2917 327 2968; x_wconf 88' lang='lat' dir='ltr'>et</span> <span class='ocrx_word' id='word_1_240' title='bbox 340 2910 470 2986; x_wconf 88' lang='lat' dir='ltr'>privatas</span> <span class='ocrx_word' id='word_1_241' title='bbox 488 2910 659 2970; x_wconf 89' lang='lat' dir='ltr'>inimicitias</span> <span class='ocrx_word' id='word_1_242' title='bbox 673 2927 732 2969; x_wconf 90' lang='lat' dir='ltr'>non</span> <span class='ocrx_word' id='word_1_243' title='bbox 746 2912 773 2968; x_wconf 90' lang='lat' dir='ltr'>vi</span> <span class='ocrx_word' id='word_1_244' title='bbox 793 2911 937 2988; x_wconf 90' lang='lat' dir='ltr'>principis</span> <span class='ocrx_word' id='word_1_245' title='bbox 956 2911 1096 2973; x_wconf 90' lang='lat' dir='ltr'>ulciscar:</span> 
     </span>
     <span class='ocr_line' id='line_1_32' title="bbox 83 2997 1137 3077; baseline -0.002 -16"><span class='ocrx_word' id='word_1_246' title='bbox 83 3002 131 3061; x_wconf 90' lang='lat' dir='ltr'>sin</span> <span class='ocrx_word' id='word_1_247' title='bbox 145 3000 260 3060; x_wconf 88' lang='lat' dir='ltr'>lacinus</span> <span class='ocrx_word' id='word_1_248' title='bbox 274 3000 305 3057; x_wconf 94' lang='lat' dir='ltr'>in</span> <span class='ocrx_word' id='word_1_249' title='bbox 321 2998 536 3077; x_wconf 87' lang='lat' dir='ltr'>cuiuscumque</span> <span class='ocrx_word' id='word_1_250' title='bbox 550 2997 720 3059; x_wconf 92' lang='lat' dir='ltr'>mortalium</span> <span class='ocrx_word' id='word_1_251' title='bbox 733 3016 806 3059; x_wconf 87' lang='lat' dir='ltr'>nece</span> <span class='ocrx_word' id='word_1_252' title='bbox 825 2999 1033 3061; x_wconf 88' lang='lat' dir='ltr'>vindicandum</span> <span class='ocrx_word' id='word_1_253' title='bbox 1048 2998 1096 3059; x_wconf 64' lang='lat' dir='ltr'>de</span> <span class='ocrx_word' id='word_1_254' title='bbox 1111 3013 1137 3054; x_wconf 87' lang='lat'>10</span> 
     </span>
    </p>
   </div>
   <div class='ocr_carea' id='block_1_3' title="bbox 82 3185 1097 3610">
    <p class='ocr_par' dir='ltr' id='par_1_5' title="bbox 82 3185 1096 3610">
     <span class='ocr_line' id='line_1_33' title="bbox 156 3185 1096 3269; baseline -0.001 -28"><span class='ocrx_word' id='word_1_255' title='bbox 156 3186 201 3253; x_wconf 82' lang='lat'>11,</span> <span class='ocrx_word' id='word_1_256' title='bbox 212 3191 228 3240; x_wconf 79' lang='grc'><strong>2</strong></span> <span class='ocrx_word' id='word_1_257' title='bbox 249 3185 355 3269; x_wconf 83' lang='lat' dir='ltr'>[priore</span> <span class='ocrx_word' id='word_1_258' title='bbox 371 3186 491 3258; x_wconf 83' lang='lat' dir='ltr'>aestate]</span> <span class='ocrx_word' id='word_1_259' title='bbox 507 3186 676 3257; x_wconf 69' lang='lat' dir='ltr'>Nrpperdey,</span> <span class='ocrx_word' id='word_1_260' title='bbox 695 3188 787 3242; x_wconf 81' lang='lat' dir='ltr'>eadem</span> <span class='ocrx_word' id='word_1_261' title='bbox 803 3189 886 3243; x_wconf 84' lang='lat' dir='ltr'>verba</span> <span class='ocrx_word' id='word_1_262' title='bbox 899 3188 977 3256; x_wconf 78' lang='lat' dir='ltr'>infra</span> <span class='ocrx_word' id='word_1_263' title='bbox 991 3202 1012 3241; x_wconf 88' lang='lat' dir='ltr'>c</span> <span class='ocrx_word' id='word_1_264' title='bbox 1022 3190 1096 3252; x_wconf 80' lang='lat'>20,1</span> 
     </span>
     <span class='ocr_line' id='line_1_34' title="bbox 84 3255 1097 3339; baseline -0.004 -26"><span class='ocrx_word' id='word_1_265' title='bbox 84 3259 158 3339; x_wconf 79' lang='lat' dir='ltr'>obelo</span> <span class='ocrx_word' id='word_1_266' title='bbox 176 3260 283 3312; x_wconf 80' lang='lat' dir='ltr'>notarit</span> <span class='ocrx_word' id='word_1_267' title='bbox 298 3262 302 3326; x_wconf 90' lang='grc' dir='ltr'>Ι</span> <span class='ocrx_word' id='word_1_268' title='bbox 318 3265 336 3311; x_wconf 83' lang='lat'>4</span> <span class='ocrx_word' id='word_1_269' title='bbox 355 3257 384 3312; x_wconf 93' lang='lat' dir='ltr'>L</span> <span class='ocrx_word' id='word_1_270' title='bbox 404 3257 467 3312; x_wconf 80' lang='lat' dir='ltr'>Nic</span> <span class='ocrx_word' id='word_1_271' title='bbox 488 3256 593 3313; x_wconf 83' lang='lat' dir='ltr'>Faber·</span> <span class='ocrx_word' id='word_1_272' title='bbox 611 3256 642 3310; x_wconf 95' lang='lat' dir='ltr'>T</span> <span class='ocrx_word' id='word_1_273' title='bbox 658 3256 707 3325; x_wconf 80' lang='grc' dir='ltr'>ΙΡ.</span> <span class='ocrx_word' id='word_1_274' title='bbox 722 3257 864 3313; x_wconf 87' lang='lat' dir='ltr'>Vinicium</span> <span class='ocrx_word' id='word_1_275' title='bbox 877 3258 1023 3327; x_wconf 72' lang='lat' dir='ltr'>Borghesi:</span> <span class='ocrx_word' id='word_1_276' title='bbox 1042 3255 1097 3310; x_wconf 82' lang='lat' dir='ltr'>ful·</span> 
     </span>
     <span class='ocr_line' id='line_1_35' title="bbox 82 3275 1096 3409; baseline -0.001 -27"><span class='ocrx_word' id='word_1_277' title='bbox 82 3327 189 3382; x_wconf 89' lang='lat' dir='ltr'>nicium</span> <span class='ocrx_word' id='word_1_278' title='bbox 205 3332 209 3396; x_wconf 79' lang='grc' dir='ltr'>Ι</span> <span class='ocrx_word' id='word_1_279' title='bbox 226 3334 241 3383; x_wconf 82' lang='grc'><strong>6</strong></span> <span class='ocrx_word' id='word_1_280' title='bbox 260 3327 306 3381; x_wconf 86' lang='grc' dir='ltr'>Μ’.</span> <span class='ocrx_word' id='word_1_281' title='bbox 325 3329 452 3398; x_wconf 79' lang='lat' dir='ltr'>Ia&#39;psiua</span> <span class='ocrx_word' id='word_1_282' title='bbox 470 3345 506 3383; x_wconf 90' lang='lat' dir='ltr'>m.</span> <span class='ocrx_word' id='word_1_283' title='bbox 529 3327 717 3409; x_wconf 72' lang='lat' dir='ltr'>tuTiberius</span> <span class='ocrx_word' id='word_1_284' title='bbox 737 3330 871 3384; x_wconf 77' lang='lat' dir='ltr'>Piclrerao·</span> <span class='ocrx_word' id='word_1_285' title='bbox 899 3275 1043 3381; x_wconf 86' lang='lat' dir='ltr'>tiberius.</span> <span class='ocrx_word' id='word_1_286' title='bbox 1064 3344 1096 3381; x_wconf 90' lang='lat' dir='ltr'>ac</span> 
     </span>
     <span class='ocr_line' id='line_1_36' title="bbox 83 3396 1096 3469; baseline 0.001 -18"><span class='ocrx_word' id='word_1_287' title='bbox 83 3401 243 3468; x_wconf 81' lang='lat' dir='ltr'>praemetet</span> <span class='ocrx_word' id='word_1_288' title='bbox 267 3403 271 3467; x_wconf 78' lang='grc' dir='ltr'>Ι</span> <span class='ocrx_word' id='word_1_289' title='bbox 297 3399 373 3453; x_wconf 89' lang='lat' dir='ltr'>haud</span> <span class='ocrx_word' id='word_1_290' title='bbox 400 3400 556 3455; x_wconf 72' lang='lat' dir='ltr'>Amolalius</span> <span class='ocrx_word' id='word_1_291' title='bbox 584 3399 608 3452; x_wconf 89' lang='lat' dir='ltr'>is</span> <span class='ocrx_word' id='word_1_292' title='bbox 634 3399 710 3453; x_wconf 87' lang='lat' dir='ltr'>haud</span> <span class='ocrx_word' id='word_1_293' title='bbox 730 3398 785 3469; x_wconf 85' lang='lat' dir='ltr'>(bis</span> <span class='ocrx_word' id='word_1_294' title='bbox 803 3398 879 3452; x_wconf 86' lang='lat' dir='ltr'>haud</span> <span class='ocrx_word' id='word_1_295' title='bbox 898 3398 958 3464; x_wconf 84' lang='lat' dir='ltr'>alii,</span> <span class='ocrx_word' id='word_1_296' title='bbox 977 3396 1002 3451; x_wconf 91' lang='lat' dir='ltr'>is</span> <span class='ocrx_word' id='word_1_297' title='bbox 1021 3398 1096 3452; x_wconf 88' lang='lat' dir='ltr'>haud</span> 
     </span>
     <span class='ocr_line' id='line_1_37' title="bbox 83 3469 1094 3552; baseline 0.001 -28"><span class='ocrx_word' id='word_1_298' title='bbox 83 3469 155 3524; x_wconf 87' lang='lat' dir='ltr'>alias</span> <span class='ocrx_word' id='word_1_299' title='bbox 170 3469 305 3524; x_wconf 85' lang='lat' dir='ltr'>intentior</span> <span class='ocrx_word' id='word_1_300' title='bbox 306 3469 448 3552; x_wconf 85' lang='lat' dir='ltr'>,populus</span> <span class='ocrx_word' id='word_1_301' title='bbox 459 3471 774 3540; x_wconf 76' lang='lat' dir='ltr'>Picbenaiuterpuuaeit)</span> <span class='ocrx_word' id='word_1_302' title='bbox 791 3472 796 3539; x_wconf 84' lang='grc' dir='ltr'>Ι</span> <span class='ocrx_word' id='word_1_303' title='bbox 812 3469 857 3536; x_wconf 88' lang='grc'>12,</span> <span class='ocrx_word' id='word_1_304' title='bbox 868 3469 1094 3542; x_wconf 78' lang='lat' dir='ltr'>9setPluyqersl</span> 
     </span>
     <span class='ocr_line' id='line_1_38' title="bbox 82 3540 565 3610; baseline 0.006 -16"><span class='ocrx_word' id='word_1_305' title='bbox 82 3557 140 3596; x_wconf 89' lang='lat' dir='ltr'>non</span> <span class='ocrx_word' id='word_1_306' title='bbox 158 3540 188 3595; x_wconf 82' lang='lat' dir='ltr'>vi</span> <span class='ocrx_word' id='word_1_307' title='bbox 207 3542 346 3597; x_wconf 82' lang='lat' dir='ltr'>Muretus:</span> <span class='ocrx_word' id='word_1_308' title='bbox 366 3541 434 3596; x_wconf 89' lang='lat' dir='ltr'>noui</span> <span class='ocrx_word' id='word_1_309' title='bbox 452 3543 486 3610; x_wconf 76' lang='lat' dir='ltr'>cf.</span> <span class='ocrx_word' id='word_1_310' title='bbox 507 3545 533 3608; x_wconf 86' lang='lat'>5,</span> <span class='ocrx_word' id='word_1_311' title='bbox 547 3545 565 3596; x_wconf 80' lang='lat'><em>5</em></span> 
     </span>
    </p>
   </div>
   <div class='ocr_carea' id='block_1_4' title="bbox 0 0 1200 3876">
    <p class='ocr_par' dir='ltr' id='par_1_6' title="bbox 0 0 1200 3876">
     <span class='ocr_line' id='line_1_39' title="bbox 0 0 1200 3876; baseline 0 0"><span class='ocrx_word' id='word_1_312' title='bbox 0 0 1200 3876; x_wconf 95' lang='lat' dir='ltr'> </span> 
     </span>
    </p>
   </div>
  </div>
 </body>
</html>
