2392 3876
273 184 320 237 aa
338 182 498 239 excussu
516 183 671 239 aucusrr
689 185 751 241 xri.
771 192 866 241 7-12.
1015 187 1081 253 223
1154 184 1159 193 '

73 331 187 413 rettuli,
205 332 395 394 Meherdaten
413 334 495 393 missi
515 341 649 394 senatum
663 334 872 413 ingrediuntur
888 335 1081 415 mandataque

72 424 103 482 in
122 421 201 482 hunc
220 420 339 482 modum
358 423 518 500 incipiunt:
541 439 601 482 non
620 439 652 483 se
672 422 800 483 laederis
819 423 938 501 ignaros
956 442 1011 485 nec
1030 424 1080 485 de-

73 505 199 570 sectione
223 528 238 570 a
262 509 370 570 familia
394 509 600 571 Arsacidarum
624 513 737 591 venire,
761 519 806 572 set
830 511 922 572 silium
942 511 1080 592 VononiS,

72 606 208 676 nepotem
241 597 375 659 Phraatis
408 616 559 660 accersere
592 599 733 660 adversus
766 599 994 661 dominationem
1025 601 1079 662 Go·
1108 617 1121 657 5

73 688 160 748 tarzis
184 687 329 749 nobilitati
351 687 489 766 plebique
513 689 594 748 iuxta
617 687 838 749 intolerandam.
883 689 941 749 iam
965 688 1080 769 iratres,

72 777 129 835 iam
148 778 344 855 propinquos,
363 778 420 836 iam
440 775 556 855 longius
570 778 644 837 sitos
658 775 797 837 caedibus
812 776 983 858 exhaustos3
1004 778 1080 837 adici

72 867 213 943 coniuges
232 865 379 944 gravidas,
402 863 512 925 liberos
531 882 656 947 parvoS,
674 864 744 925 dum
764 882 866 927 socors
885 865 977 947 domi,
995 865 1080 927 bellis

73 952 219 1013 infaustus
242 953 386 1030 ignaviam
410 953 531 1012 saevitia
554 959 641 1031 tegat.
677 959 806 1014 veterem
830 953 888 1015 sihi
910 972 944 1015 ac
961 953 1080 1033 publice

73 1047 207 1118 coeptam
221 1040 376 1100 nobiscum
390 1042 559 1120 amicitiam,
579 1048 608 1101 et
622 1039 855 1104 subveniendum
870 1044 959 1104 sociis
973 1045 1080 1103 virium
1096 1060 1121 1099 ιο

73 1128 195 1188 aemulis
214 1127 447 1206 cedentibusque
465 1146 519 1206 per
533 1130 736 1190 reverentiam.
765 1130 831 1191 ideo
851 1149 954 1209 regum
970 1131 1079 1191 liberos

73 1216 191 1279 obsides
202 1217 273 1297 dari,
288 1224 329 1296 ut,
345 1218 371 1276 si
384 1217 539 1277 domestici
553 1218 670 1295 imperii
684 1217 807 1299 taedeat,
822 1220 861 1279 sit
875 1237 1029 1297 regressus
1044 1219 1079 1280 ad

72 1308 236 1385 prinoipem
251 1313 418 1386 patresque,
433 1322 559 1384 quorum
573 1304 706 1365 moribus
717 1305 904 1368 adsuefactus
915 1326 966 1368 rex
976 1308 1080 1368 melior

73 1394 299 1456 adscisceretur.

142 1480 190 1544 11.
210 1482 266 1542 Ubi
284 1483 357 1542 haec
376 1490 464 1561 atquc
482 1482 550 1542 talia
570 1482 779 1562 dissertavere,
798 1484 904 1560 incipit
918 1485 1080 1543 orationem

73 1572 180 1633 Caesar
202 1571 239 1632 dc
262 1571 377 1650 fastigio
397 1569 527 1631 Romano
546 1569 782 1650 Parthorumque
801 1569 965 1651 obsequiis,
989 1588 1079 1650 seque

72 1662 139 1721 divo
163 1661 294 1738 Augusto
322 1658 515 1738 adaequabat,
543 1660 669 1738 petitum
692 1659 729 1719 ah
753 1677 787 1718 eo
815 1676 915 1738 regem
939 1659 1080 1739 reterens

73 1751 181 1810 omissa
195 1747 306 1809 Tiberii
324 1749 478 1828 memoria,
498 1765 675 1827 quamquam
693 1749 719 1807 is
738 1765 856 1826 quoque
875 1749 1003 1808 miserat.
1032 1748 1079 1808 ad·

73 1838 147 1898 didit
161 1845 316 1916 praecepta
332 1829 455 1919 (etenim
471 1835 572 1897 aderat
585 1828 799 1918 Meherdates),
819 1843 852 1896 ut
871 1854 929 1896 non
950 1835 1079 1896 domina·
1107 1853 1120 1894 5

73 1929 183 1988 tionem
197 1933 226 1986 et
241 1943 349 2007 servos,
364 1924 417 1985 sed
431 1932 576 1986 rectorem
587 1931 617 1985 et
626 1926 705 1985 cives
715 1927 867 2005 cogitaret,
881 1923 1079 1986 clementiam-

73 2034 129 2096 que
153 2034 186 2076 ac
210 2015 366 2095 iustitiam,
385 2021 495 2093 quanto
513 2015 612 2093 ignota
632 2012 774 2094 barbaris,
794 2018 876 2074 tanto
895 2012 1014 2073 laetiora
1034 2032 1080 2075 ca-

72 2112 212 2184 pesseret.
245 2103 315 2162 hinc
334 2120 437 2163 versus
456 2102 491 2163 ad
511 2101 622 2181 legatos
641 2101 755 2163 extollit
773 2101 910 2163 laudibus
928 2101 1080 2163 alumnum

73 2193 169 2272 urbis,
193 2199 340 2270 spectatae
359 2191 395 2252 ad
414 2192 443 2251 id
463 2190 637 2252 modestiae:
661 2209 695 2252 ac
718 2197 815 2252 tamen
836 2190 955 2252 terenda
976 2209 1080 2268 regum

72 2283 202 2360 ingenia,
223 2297 320 2359 neque
334 2282 402 2340 usui
416 2279 536 2340 crebras
551 2280 736 2340 mutationes.
764 2297 827 2339 rem
841 2278 1001 2340 Romanam
1021 2279 1079 2339 huc
1095 2295 1120 2334 ιο

73 2371 206 2430 satietate
221 2367 330 2446 gloriae
345 2376 522 2448 provectam,
536 2375 570 2428 ut
580 2369 710 2427 externis
721 2385 838 2446 quoque
849 2367 987 2447 gentibus
998 2370 1078 2446 quie-

72 2467 132 2519 tem
147 2457 225 2518 velit.
253 2457 354 2517 datum
367 2456 490 2534 posthac
504 2455 535 2517 C.
550 2454 663 2534 Cassio,
683 2458 733 2534 qui
749 2455 852 2516 Suriae
867 2463 1017 2535 praeerat,
1032 2455 1079 2515 de·

73 2547 182 2607 ducere
197 2548 332 2605 iuvenem
347 2546 442 2623 ripam
456 2544 492 2604 ad
507 2542 674 2620 Euphratis.
865 2538 867 2541 ’

142 2631 191 2694 12.
214 2632 255 2692 Ea
279 2639 452 2709 tempestate
471 2631 589 2692 Cassius
612 2638 727 2691 ceteros
749 2630 952 2709 praeminebat
974 2632 1080 2708 peritia

73 2722 184 2801 legum:
202 2737 268 2780 nam
283 2718 426 2780 militares
440 2726 519 2780 artes
533 2736 587 2797 per
601 2720 693 2779 otium
708 2719 838 2799 ignotae,
855 2719 1080 2799 industriosque

73 2818 124 2870 aut
138 2812 258 2888 ignavos
272 2826 329 2886 pax
343 2809 373 2867 in
388 2825 482 2887 aequo
497 2814 585 2868 tenet.
610 2825 643 2867 ac
654 2814 749 2867 tamen
766 2815 907 2885 quantum
923 2809 986 2869 sine
1001 2807 1078 2869 hello

73 2898 206 2978 dabatur,
220 2914 358 2957 revocare
374 2900 504 2975 priscum
518 2913 644 2977 nrorem,
663 2897 825 2957 exercitare
844 2895 989 2978 legiones,
1008 2916 1078 2958 cura

72 2989 192 3067 provisu
206 2984 329 3064 perinde
344 3003 439 3066 agere,
453 3005 487 3047 ac
502 2988 527 3046 si
540 2984 635 3045 hostis
649 2986 814 3064 ingrueret:
828 2987 869 3046 ita
883 2985 1004 3065 dignum
1019 3004 1077 3046 ma·
1092 3000 1105 3040 5

71 3076 185 3137 ioribus
204 3076 267 3135 suis
286 3081 316 3135 et
334 3074 440 3135 familia
460 3073 558 3136 Cassia
577 3080 664 3135 ratus
680 3091 735 3153 per
752 3072 817 3134 illas
835 3092 953 3154 quoque
974 3082 1078 3153 gentes

72 3162 227 3226 celebrata.
246 3165 336 3241 igitur
347 3165 451 3224 excitis
465 3181 591 3243 qnorum
602 3162 638 3222 dc
649 3164 793 3223 sententia
803 3165 915 3241 petitus
926 3181 986 3244 rex,
1001 3164 1079 3242 posi·

132 3317 189 3385 sil),
208 3323 224 3372 4
244 3318 288 3371 set
305 3318 430 3388 Lepsios:
451 3316 500 3371 sed
519 3319 548 3372 et
566 3316 627 3387 (sed
645 3315 857 3386 aduocatam)
873 3316 878 3386 Ι
895 3321 910 3370 5
925 3314 1057 3369 accedere
1073 3315 1077 3388 l

74 3393 105 3441 11
124 3387 228 3443 liberos
248 3387 360 3442 obsides
378 3389 499 3458 Drdqer:
524 3387 635 3442 obsides
658 3385 762 3442 liberos
787 3390 792 3456 Ι
817 3386 862 3457 11,
882 3393 897 3442 6
926 3385 1080 3440 concitaret

75 3459 106 3528 ti
121 3457 220 3528 ignata
235 3457 345 3528 (ignara
359 3461 406 3528 al.)
422 3461 456 3526 cf.
470 3462 497 3526 2,
511 3462 585 3526 2,15
600 3462 605 3528 Ι
619 3457 739 3512 laetiora
753 3458 883 3513 Ursinus:
897 3455 1076 3529 toleratiorat
1178 3499 1180 3503 .

75 3529 120 3596 12,
140 3535 156 3583 c
175 3531 252 3582 ratus
271 3545 292 3585 e.
312 3531 329 3586 l.
348 3547 382 3586 m.
401 3535 435 3587 2:
453 3545 503 3586 om.
524 3535 539 3584 1
558 3546 590 3584 m.
611 3530 700 3600 spatio
718 3543 803 3585 caeno
818 3530 823 3598 Ι
839 3534 854 3582 i
872 3526 979 3598 peritus
