2408 3870
314 629 641 717 CORNELII
683 628 918 717 ΤΑΟΙΤΙ
988 727 990 732 ,

364 781 413 850 in
436 779 604 851 nronssu
624 780 700 851 om
721 778 876 852 trauan

395 936 493 994 LIBRI
509 937 542 993 V.
578 937 840 994 ruadmunt.

181 1084 209 1146 1.
234 1083 367 1146 Rubellio
387 1095 417 1146 et
435 1084 519 1146 Fullo
538 1085 723 1165 consulibus,
743 1103 870 1165 quornm
887 1087 1012 1167 utrique
1031 1088 1129 1152 Gemi·

112 1193 169 1236 nus
187 1182 415 1253 cognomentum
434 1182 510 1255 erat,
533 1173 606 1235 lulia
624 1173 756 1253 Augusta
774 1182 901 1236 mortem
920 1174 1009 1257 obiit,
1032 1187 1128 1240 aetate

113 1271 256 1342 extrema,
276 1261 438 1324 nobilitatis
457 1282 511 1341 per
530 1262 680 1324 Claudiam
698 1261 839 1324 familiam
856 1272 887 1324 ct
903 1263 1069 1343 adoptione
1083 1267 1127 1328 Li·

41 1393 54 1412 .
112 1354 227 1413 riorum
241 1351 442 1431 Iuliorumque
457 1351 645 1413 clarissimae.
672 1352 802 1429 primum
817 1353 845 1411 ei
859 1354 1088 1416 matrimonium
1102 1365 1128 1416 et

85 1441 200 1502 eliberi
217 1442 300 1502 suere
319 1459 388 1502 oum
406 1439 526 1501 'liberio
544 1439 673 1520 Nerone,
693 1440 745 1518 qui
762 1437 839 1500 bello
858 1438 1007 1503 Perusino
1025 1445 1100 1522 prol
1117 1478 1126 1487 -

112 1549 181 1610 gns,
195 1549 267 1608 pace
281 1533 360 1590 inter
375 1529 441 1590 Sex.
451 1528 624 1606 Pompeium
638 1546 672 1588 ac
686 1528 859 1588 triumviros
872 1536 959 1606 pacta
973 1532 1007 1591 in
1021 1532 1126 1594 urbem

113 1619 209 1679 rediit.
243 1621 321 1678 exim
336 1616 442 1677 Caesar
456 1616 596 1694 cupidine
611 1617 722 1676 lormae
736 1616 833 1677 aulert
846 1619 962 1699 marito,
976 1621 1126 1682 incertum

114 1726 150 1768 an
169 1709 303 1785 invitam,
322 1705 395 1765 adeo
414 1722 574 1785 properus,
597 1712 630 1764 ut
649 1723 686 1764 ne
706 1706 800 1783 spatio
820 1705 941 1784 quidem
960 1706 998 1767 ad
1013 1712 1125 1771 eniten-

114 1796 184 1856 dum
198 1795 266 1855 dato
280 1792 438 1872 penatibus
453 1794 515 1853 suis
529 1792 679 1871 gravidam
692 1792 851 1854 induxerit
875 1793 987 1855 nullam
1001 1798 1124 1875 posthac

74 1903 100 1943 ro
114 1881 248 1943 subolem
276 1881 381 1961 edidit,
409 1880 461 1940 sed
489 1883 625 1958 sanguini
651 1881 777 1960 Augusti
802 1900 857 1960 per
884 1883 1124 1946 coniunctionem

113 1971 292 2048 Agrippinae
311 1977 341 2029 et
360 1968 528 2029 Germanici
550 1968 662 2029 adnexa
685 1987 857 2031 communes
875 1979 1058 2049 pronepotes
1077 1974 1123 2034 ba-

113 2058 186 2119 buit.
215 2058 369 2117 sanctitate
384 2056 488 2116 domus
503 2059 635 2134 priscum
650 2056 685 2118 ad
699 2076 821 2138 morem,
836 2060 929 2119 comis
943 2059 1022 2122 ultra
1037 2080 1124 2141 quam

113 2148 242 2225 antiquis
265 2145 383 2205 leminis
401 2144 571 2225 probatum,
595 2153 690 2206 mater
713 2148 863 2228 inpotens,
887 2165 963 2208 uxor
980 2148 1078 2211 facilis
1097 2159 1125 2211 et

113 2252 182 2295 cum
201 2233 314 2295 artibus
332 2234 444 2314 mariti,
463 2232 649 2294 simulatione
668 2234 722 2294 lilii
740 2234 815 2297 bene
834 2238 1007 2315 composita.
1035 2239 1124 2300 funus

74 2344 99 2384 15
113 2326 177 2384 eius
190 2323 349 2403 modicum,
363 2329 573 2383 testamentum
587 2322 638 2383 diu
652 2324 776 2384 inritum
788 2323 853 2385 fuit
877 2323 994 2386 laudata
1010 2334 1057 2387 cst
1071 2345 1123 2407 pro

112 2414 218 2474 rostris
233 2431 249 2472 a
264 2411 335 2472 Gaio
350 2411 475 2471 Caesare
489 2418 666 2492 pronepote,
681 2413 732 2489 qui
745 2429 813 2472 mox
827 2430 930 2475 rernm
943 2415 1056 2493 potitus
1072 2425 1124 2477 est,

179 2499 208 2563 2.
236 2502 273 2561 At
296 2499 447 2579 Tiberius,
471 2500 549 2578 quod
573 2502 720 2579 supremis
742 2501 774 2560 in
797 2508 922 2562 matrem
946 2502 1052 2564 ciliciis
1077 2504 1124 2565 de·

113 2590 231 2670 luisset,
254 2589 328 2649 nihil
351 2595 463 2650 mutata
482 2590 657 2649 amoenitate
675 2589 760 2668 vitae,
784 2590 1018 2668 magnitudinem
1036 2610 1124 2671 nego·

112 2679 223 2754 tiorum
241 2695 295 2755 per
313 2676 427 2739 litteras
442 2680 604 2757 excusavit,
624 2676 811 2755 honoresque
825 2681 985 2739 memoriae
1004 2682 1071 2742 eius
1090 2681 1124 2742 ab

113 2772 218 2824 senatu
236 2763 316 2842 large
331 2765 466 2826 decretos
482 2767 566 2844 quasi
579 2782 634 2843 per
646 2764 822 2826 modestiam
840 2768 1001 2848 imminuit,
1021 2772 1124 2848 paucis

86 2874 99 2915 a
113 2850 271 2912 admodum
280 2855 409 2930 receptis
420 2861 449 2912 et
459 2852 567 2933 addito,
581 2869 619 2912 ne
632 2851 767 2914 caelestis
783 2852 887 2933 religio
898 2854 1126 2920 decerneretur:

113 2943 156 3002 sic
169 2942 264 3019 ipsam
278 2939 426 3000 maluisse.
451 2942 522 3018 quin
537 2947 566 3000 et
579 2946 664 3019 parte
679 2941 811 3002 eiusdem
822 2943 965 3021 epistulae
975 2946 1127 3025 increpuit

112 3031 256 3090 amicitias
275 3026 448 3108 muliebres,
467 3027 583 3087 Fufium
603 3028 754 3089 consulem
773 3030 891 3110 oblique
910 3035 1125 3113 perstringens

111 3120 137 3179 is
151 3120 246 3197 gratia
255 3117 404 3195 Augustae
418 3115 567 3196 llorererat,
582 3123 669 3195 aptus
683 3117 856 3180 adliciendis
870 3120 1049 3183 seminarum
1063 3127 1125 3184 ani-

111 3210 181 3288 mis,
200 3207 284 3268 dicax
303 3205 383 3265 idem
397 3212 427 3265 et
441 3202 593 3265 Tiberium
608 3205 723 3266 acerbis
737 3207 851 3268 lucetiis
865 3209 996 3270 inridere
1011 3210 1126 3293 solitus,

73 3315 98 3354 ιο
113 3312 238 3373 quarum
252 3294 328 3373 apud
344 3300 553 3373 praepotentes
567 3295 599 3354 in
613 3293 733 3373 longum
747 3298 890 3357 memoria
904 3305 958 3359 est.

182 3437 209 3504 1,
229 3443 244 3491 5
263 3436 405 3504 perusinio
