2392 3876
111 192 176 258 170
460 190 632 249 CORNELII
648 191 769 248 unum

71 358 97 397 10
111 343 250 422 accincti,
270 344 407 422 quotiens
425 343 539 403 curiam
556 343 674 421 inisset,
693 340 819 402 salutern
837 343 901 401 eius
919 341 1136 404 defenderent.

111 431 279 493 crediderat
296 433 436 492 nimirum
451 428 593 509 epistulae
609 429 740 491 subsidio
756 429 812 490 sibi
827 429 953 491 alterum
967 448 1006 491 ex
1021 448 1135 493 consu·

110 520 189 581 libus
207 523 370 601 poscentis,
389 527 423 580 ut
442 526 525 580 tutus
539 537 555 578 a
570 518 691 596 Capreis
708 517 813 579 urbem
832 525 956 597 peteret.
986 518 1134 581 'liberius

67 668 69 671 .
107 620 223 689 tamen,
243 608 370 669 ludibria
385 610 470 668 seriis
484 608 663 687 permiscere
678 606 784 668 solitus
788 653 798 689 ,
817 608 878 685 egit
891 608 985 684 gratis
999 607 1133 669 benero-

111 698 220 758 lentiae
230 706 361 776 patrum:
376 695 427 757 sed
443 714 517 775 quos
532 697 628 756 omitti
641 713 737 775 posse,
753 713 828 774 quos
842 691 952 773 deligi?
967 712 1131 775 semperne

73 801 99 841 15
113 786 232 847 eosdem
251 804 287 845 an
307 784 433 845 subinde
452 781 546 845 alios?
565 791 595 845 et
612 782 776 845 bonoribus
793 784 967 864 perfunctos
987 802 1025 844 an
1046 786 1129 846 iuve-

112 893 179 953 nes,
198 875 328 952 privatos
342 889 380 933 an
394 890 410 932 c
425 870 668 950 magistratibus?
686 890 775 951 quam
793 870 900 933 deinde
914 874 1050 951 speciem
1066 873 1130 935 iore

113 962 293 1022 sumentium
307 961 339 1020 in
352 959 453 1020 limine
473 961 573 1021 curiae
592 958 726 1039 gladios?
744 978 841 1039 neque
861 960 918 1020 sibi
935 962 1028 1021 vitam
1043 965 1129 1041 tanti,

113 1051 139 1109 si
153 1050 242 1109 armis
257 1047 383 1126 tegenda
397 1048 481 1109 soret.
508 1048 595 1128 haec,
613 1049 755 1109 adversus
769 1048 935 1127 Togonium
949 1049 1054 1110 verbis
1069 1069 1129 1110 mo·

114 1137 234 1217 derans,
249 1154 345 1215 neque
360 1144 395 1198 ut
408 1136 485 1198 ultra
499 1135 689 1197 abolitionem
703 1139 867 1197 sententiae
883 1135 1032 1198 suaderet.

180 1221 208 1286 3.
233 1225 270 1286 dt
291 1223 410 1286 lunium
429 1224 604 1300 Gallionem,
627 1227 680 1304 qui
697 1231 867 1305 censuerat,
891 1234 924 1285 ut
942 1227 1128 1303 praetoriani

113 1315 186 1374 actis
205 1314 360 1392 stipendiis
378 1315 425 1374 ius
444 1315 648 1394 apiscerentur
665 1315 697 1373 in
716 1312 953 1392 quattuordecim
969 1313 1126 1375 ordinibus

113 1401 248 1483 sedendi,
267 1401 412 1464 violenter
430 1404 591 1482 increpuit,
610 1399 691 1462 velut
708 1420 809 1463 coram
827 1403 972 1483 rogitans,
993 1403 1067 1482 quid
1086 1402 1127 1464 illi

113 1510 182 1552 cum
196 1490 347 1573 militibus,
362 1510 437 1571 quos
450 1509 547 1574 neque
562 1490 640 1551 dicta
655 1488 870 1571 [imperatoris]
881 1507 978 1569 neque
993 1493 1126 1569 praemia

83 1582 172 1640 anisi
195 1580 232 1641 ab
255 1583 433 1660 imperatore
457 1582 591 1659 accipere
615 1597 669 1657 par
688 1585 774 1639 esset.
811 1579 980 1658 repperisse
999 1597 1125 1658 prorsus

113 1669 191 1748 quod
214 1669 299 1730 divus
317 1669 469 1748 Augustus
490 1686 549 1728 non
570 1666 747 1747 providerit:
770 1685 807 1727 an
826 1668 926 1746 potius
945 1666 1125 1729 discordiam

113 1765 142 1817 et
157 1757 331 1818 seditionem
346 1776 363 1817 a
377 1756 502 1817 satellite
517 1755 616 1816 Seiani
636 1756 812 1835 quaesitam,
832 1773 891 1834 qua
904 1755 995 1817 rudes
1010 1759 1124 1816 animos

112 1847 231 1905 nomine
250 1845 372 1905 honoris
392 1844 428 1904 ad
446 1843 697 1923 corrumpendum
715 1842 837 1904 militiae
852 1861 964 1904 morem
978 1845 1124 1924 propelle·

112 1930 181 1993 ret?
203 1932 259 1993 hoe
277 1934 407 2011 pretium
427 1930 518 1991 Gallio
538 1931 694 1993 meditatae
718 1931 893 1993 adulationis
918 1931 1000 2013 tulit,
1025 1935 1125 1994 statim

72 2036 98 2075 ro
112 2021 207 2099 curia,
227 2019 334 2080 deinde
348 2019 430 2080 ltalia
445 2027 580 2100 exactus3
599 2026 629 2080 et
648 2022 717 2099 quia
737 2019 929 2081 incusabatur
947 2020 1033 2081 facile
1053 2021 1124 2082 tole·

111 2115 232 2168 naturus
251 2108 370 2169 exilium
390 2106 503 2169 delecta
520 2106 632 2190 Lesbo,
649 2107 746 2169 insula
764 2107 856 2170 nobili
875 2117 905 2170 et
923 2127 1060 2191 amoena,
1080 2115 1147 2170 re-'

111 2194 240 2257 trahitur
258 2197 290 2255 in
308 2196 414 2256 urbem
428 2196 654 2276 custoditurque
670 2195 807 2258 domibus
821 2199 1058 2276 magistratuum.
1088 2200 1125 2258 is·

111 2284 178 2344 dem
192 2283 300 2344 litteris
314 2284 421 2346 Caesar
435 2282 569 2346 Sentium
582 2284 781 2346 Paconianum
794 2287 977 2364 praetorium
995 2287 1125 2371 perculit

111 2389 216 2451 magno
230 2380 349 2453 patrum
363 2374 482 2454 gaudio,
501 2373 655 2453 audacem,
669 2371 848 2455 maleficum,
863 2376 995 2435 omnium
1009 2383 1125 2437 secreta

72 2475 98 2517 ra
112 2463 269 2523 rimantem
283 2460 490 2542 delectumque
504 2460 541 2522 ab
557 2461 676 2542 Seiano,
695 2463 781 2523 cuius
796 2480 852 2544 ope
866 2463 952 2524 dolus
966 2461 1038 2524 Gaio
1053 2463 1124 2525 Cae·

111 2552 170 2611 sari
189 2558 352 2630 pararetur.
386 2551 465 2631 quod
483 2558 641 2630 postquam
658 2551 851 2631 patefactum,
870 2567 1035 2632 prorupere
1054 2571 1125 2613 con·

111 2648 196 2718 cepta
210 2641 325 2719 pridem
340 2639 416 2723 odia,
435 2647 465 2701 et
479 2656 628 2700 summum
646 2637 825 2718 supplicium
844 2638 1073 2720 decernebatur,
1094 2644 1126 2701 ni

110 2727 263 2804 professus
278 2729 421 2789 indicium
435 2729 520 2790 loret.

177 2811 206 2875 4.
222 2810 265 2875 Ut
279 2834 349 2877 vero
359 2816 508 2878 Latinium
521 2816 669 2878 Latiarem
683 2817 836 2894 ingressus
851 2823 905 2896 est,
919 2823 1076 2877 accusator
1090 2835 1131 2893 ac

111 2918 181 2961 reus
200 2903 281 2962 iuxta
299 2905 388 2964 invisi
410 2906 610 2983 gratissimum
631 2903 833 2982 spectaculum
852 2902 1042 2983 praebebant.
1070 2903 1132 2965 La-'

110 2989 203 3071 tiarls,
217 2996 252 3050 ut
266 2990 377 3071 rettuli,
390 2994 569 3071 praecipuus
584 2991 654 3052 olim
669 2992 920 3053 circumveniendi
934 2992 1006 3053 Titii
1020 2992 1126 3054 Sabini

184 3177 210 3247 2,
226 3181 261 3232 14
276 3175 370 3245 delegi
385 3179 390 3245 Ι
407 3183 440 3232 18
454 3176 561 3250 verbis]
579 3177 657 3235 urbis
674 3180 678 3247 Ι
696 3184 729 3234 19
739 3180 771 3233 ut
784 3180 848 3237 cdd.
862 3179 1013 3236 Ddderlec'n
1022 3183 1125 3251 (neque

111 3248 208 3305 ultra.
224 3290 230 3305 .
245 3247 361 3303 suadere
379 3248 544 3319 Beroaldus)
565 3249 571 3316 l
591 3249 617 3315 8,
636 3255 654 3303 4
672 3247 767 3304 edicta
786 3250 924 3319 Muretus,
942 3257 972 3308 at
989 3267 1015 3310 v.
1032 3254 1061 3318 2,
1079 3257 1126 3319 45,

112 3321 168 3389 101
185 3318 386 3392 [imperatoris]
406 3312 532 3389 Lipsius,
549 3317 606 3373 nisi
623 3318 802 3389 imperatoris
821 3321 993 3390 Rhenanus}
1010 3321 1125 3377 13801-

110 3390 182 3444 tium
196 3389 386 3445 Paconianum
398 3390 525 3459 Lipsius:
541 3389 647 3444 exlium
660 3390 851 3461 pagoniunum
866 3396 871 3455 Ι
889 3397 922 3446 lb
936 3391 973 3447 ab
991 3391 1126 3448 Weissen-

111 3462 191 3515 torm
211 3460 249 3515 ed
264 3464 269 3526 Ι
284 3462 310 3529 4,
332 3468 345 3525 i
364 3459 508 3517 lucaniam
526 3461 560 3528 cf.
575 3465 602 3516 4,
617 3466 654 3518 68
669 3465 674 3512 l
690 3476 840 3531 eggressus
854 3462 972 3519 ,Tibrim
987 3463 991 3512 l
1008 3477 1042 3518 ec
1059 3480 1125 3519 reus

110 3531 193 3588 idem:
213 3530 303 3587 carim
320 3535 324 3603 l
340 3538 357 3588 2
374 3531 583 3603 praebebantur
621 3549 647 3572 *n
689 3532 789 3572 rutam„
1060 3552 1063 3555 ·
