2392 3876
294 197 341 252 AB
360 196 521 254 EXOESSU
538 197 695 254 AUGUSTI
712 198 771 256 XV.
790 205 903 256 55-59.
1043 201 1107 266 347

99 348 223 409 Romani
232 353 443 426 senatoresque
453 348 557 407 intacti
570 349 725 408 tormentis
735 349 887 409 carissima
897 366 1019 411 snorum
1029 352 1110 430 quis·

100 456 156 516 que
171 438 329 515 pignorum
342 435 511 513 proderent
539 430 599 495 n'on
613 435 880 502 enimomittebant
890 436 1027 499 Lucanus
1037 457 1109 518 quo·

100 543 157 604 que
178 532 209 584 et
227 522 351 584 Senecio
370 530 400 583 et
414 521 591 592 Quintianus
609 525 720 602 passim
739 525 874 584 conscios
893 524 995 606 edere,
1015 528 1109 604 magis
1123 539 1149 580 15

99 616 251 692 magisque
273 610 378 689 pavido
397 610 526 692 Nerone,
550 629 728 691 quamquam
750 610 953 691 multiplicatis
976 612 1110 676 excubiis

100 709 193 763 semet
207 702 374 778 saepsisset.

165 786 216 852 58.
240 787 318 858 Quin
337 796 367 873 et
385 787 490 848 urbem
514 804 567 866 per
589 788 754 868 manipulos
774 792 925 868 occupatis
945 789 1110 873 moenibus,

99 882 213 940 insesso
232 878 322 936 etiarn
340 878 414 936 marl
434 883 464 949 et
482 893 580 955 amne,
600 876 680 937 velut
698 879 729 938 in
743 878 908 939 custodiam
922 878 1012 940 dedit.
1035 878 1110 939 noli·

100 965 259 1044 tabantque
282 981 338 1042 per
360 964 437 1044 lora,
464 981 519 1041 per
544 963 659 1045 dcmos,
687 982 757 1026 rura
781 984 900 1046 quoqne
924 974 954 1029 et
976 967 1110 1045 proxima

99 1055 329 1130 municipiorum
351 1051 466 1132 pedites
486 1053 673 1133 equitesque,
696 1056 837 1133 permixti
855 1054 1022 1136 Germanis,
1046 1058 1110 1135 qui·

99 1144 156 1204 bus
170 1140 280 1201 fidebat
293 1142 432 1219 princeps
447 1142 532 1219 qnasi
546 1143 685 1201 externis.
714 1144 854 1203 continua
874 1143 945 1204 binc
964 1150 994 1203 et
1011 1145 1137 1205 vinctas

100 1233 215 1310 agmina
230 1228 308 1290 trahi
322 1247 356 1289 ac
371 1227 485 1289 loribus
501 1228 656 1290 hortorum
670 1229 812 1291 adiacere.
841 1239 929 1310 atque
944 1231 996 1292 nbi
1010 1232 1109 1292 dicen-

100 1321 168 1381 dam
194 1319 230 1379 ad
254 1335 373 1378 causam
400 1319 586 1398 introissent,
614 1317 690 1377 clam
717 1326 816 1378 actum
843 1337 912 1396 erga
940 1321 1110 1381 coniuratos

100 1416 130 1469 et
153 1408 293 1468 fortuitus
323 1422 420 1466 sermo
449 1413 479 1466 et
506 1404 597 1466 subiti
625 1423 784 1487 occursus,
816 1408 842 1466 si
869 1408 1051 1488 convivium,
1084 1410 1111 1468 si

100 1494 303 1575 spectaculum
322 1493 410 1554 simul
427 1495 566 1573 inissent,
589 1512 643 1573 pro
663 1496 787 1555 crimine
806 1496 913 1575 accipi,
932 1512 1001 1556 cum
1019 1512 1110 1574 super

100 1585 227 1645 Neronis
246 1601 279 1643 ac
298 1581 435 1661 Tigellini
454 1599 554 1643 saevas
579 1585 817 1660 percontationes
840 1582 968 1643 Faenius
991 1601 1110 1662 quoque
1125 1597 1152 1636 ιο

100 1672 195 1734 Rulus
214 1671 358 1731 violenter
377 1679 531 1749 urgueret,
557 1671 688 1732 nondum
712 1671 748 1732 ab
766 1671 915 1732 indicibus
933 1673 1110 1751 nominatus,

101 1769 132 1822 et
151 1779 208 1840 qno
228 1760 318 1820 fidem
336 1760 472 1819 inscitiae
490 1767 617 1839 pararet,
637 1767 720 1820 atrox
739 1759 880 1820 adversus
894 1761 1000 1820 socios.
1032 1760 1110 1821 idem

102 1848 210 1910 Subrio
229 1847 317 1909 Flavo
336 1848 490 1909 adsistenti
509 1848 721 1928 adnuentique,
747 1866 784 1909 an
802 1850 881 1909 inter
899 1850 994 1926 ipsam
1012 1851 1110 1926 cogni-

101 1940 212 2000 tionem
227 1936 425 2015 destringeret
442 1934 572 2014 gladium
591 1935 770 2014 caedemque
784 1942 929 2016 patraret,
950 1939 1049 1997 renuit
1067 1939 1110 1997 in-

101 2026 248 2104 fregitque
262 2026 406 2102 impetum
419 2025 478 2084 iam
491 2042 612 2084 manum
625 2024 661 2084 ad
676 2024 815 2102 capulum
829 2025 994 2085 referentis.
1126 2039 1151 2080 15

167 2110 218 2176 59.
243 2111 338 2173 Fuere
362 2114 414 2190 qni
438 2111 555 2190 prodita
578 2114 795 2194 coniuratione,
823 2113 894 2173 dnm
917 2113 1035 2174 auditur
1059 2113 1110 2173 bli-

101 2202 206 2281 lichus,
224 2201 295 2262 dum
309 2199 425 2262 dubitat
439 2200 608 2281 Scaevinus,
627 2201 819 2262 hortarentur
832 2199 970 2262 Pisonem
985 2219 1110 2281 pergere

101 2292 132 2350 in
151 2296 247 2349 castra
270 2295 322 2349 ant
346 2295 443 2349 rostra
462 2289 622 2350 escendere
641 2290 798 2368 studiaque
816 2289 943 2351 militum
962 2297 992 2350 et
1009 2291 1111 2369 populi

101 2384 256 2455 temptare.
284 2377 311 2435 si
323 2375 479 2437 conatibus
492 2378 557 2437 eius
570 2380 683 2438 conscii
697 2378 938 2460 adgregarentur,
955 2387 1111 2440 secuturos

102 2467 190 2527 etiam
213 2466 358 2544 integros3
381 2481 575 2542 magnamque
598 2472 694 2525 motae
717 2467 761 2524 rei
784 2466 903 2546 lamam,
927 2484 1001 2542 qnae
1019 2466 1137 2544 pluri-e

102 2570 183 2614 mum
202 2553 234 2611 in
252 2552 336 2611 novis
355 2551 486 2612 consiliis
505 2550 623 2612 valeret.
655 2551 728 2612 nihil
745 2552 900 2612 adversum
916 2553 988 2613 baec
1001 2552 1113 2614 Neroni

101 2642 262 2722 provisum.
290 2641 379 2699 etiam
394 2639 485 2699 lortes
499 2639 578 2699 viros
593 2639 700 2700 subitis
715 2641 831 2719 terreri,
845 2641 954 2700 nedum
968 2640 1017 2700 ille
1032 2659 1111 2702 seae-

102 2732 202 2810 nicus,
216 2725 359 2805 Tigellino
374 2726 488 2788 scilicet
502 2745 570 2787 cum
584 2726 746 2806 paelicibus
761 2729 823 2788 suis
838 2729 1009 2809 comitante,
1031 2748 1111 2790 arma

102 2825 206 2879 contra
220 2817 320 2876 cieret.
354 2814 445 2876 multa
460 2816 638 2894 experiendo
658 2817 793 2896 confieri,
813 2834 888 2896 quae
907 2817 1047 2896 segnibus
1066 2836 1110 2879 ar-

103 2906 160 2966 dua
174 2904 337 2965 videantur.
366 2904 475 2965 lrustra
497 2903 646 2965 silentium
665 2913 694 2965 et
714 2904 802 2964 lldem
819 2906 851 2965 iu
865 2912 910 2966 tot
924 2908 1111 2968 consciorum
1126 2922 1152 2962 ro

101 2994 208 3055 animis
227 3001 258 3054 et
276 2991 450 3072 corporibus
470 3010 603 3072 sperare:
622 2995 767 3055 cruciatui
785 3001 837 3054 aut
854 2997 985 3073 praemio
1005 3003 1112 3056 cuncta

101 3084 203 3163 pervia
217 3099 291 3142 esse.
319 3089 459 3142 venturos
475 3084 527 3161 qui
541 3083 638 3161 ipsum
654 3100 772 3162 quoqne
787 3083 945 3161 vincirent,
960 3092 1122 3162 postremo<

101 3172 221 3249 indigna
235 3186 308 3231 nece
322 3168 490 3230 adficerent.
524 3179 633 3250 quanto
647 3169 823 3231 laudabilius
842 3173 1021 3252 periturum,
1040 3170 1112 3232 dum

171 3323 217 3391 tt,
234 3328 266 3377 13
280 3321 395 3376 intectis
411 3323 416 3389 Ι
432 3321 577 3375 corisum-:e
592 3323 597 3390 Ι
612 3320 658 3391 ts,
674 3320 769 3378 thino
784 3324 813 3378 et
826 3322 892 3376 inde
905 3321 1001 3378 vineta
1013 3322 1111 3378 Wnrm

75 3450 77 3453 ,
128 3397 143 3446 't
163 3392 237 3448 clem
255 3394 351 3448 actum
367 3393 478 3461 seipsi:
497 3392 616 3446 letatum
635 3391 783 3457 (laetatum
801 3394 837 3448 ot.
851 3409 909 3447 non
923 3392 1030 3448 celatus
1047 3394 1110 3447 tan-

174 3463 279 3532 Hooee)
296 3467 333 3532 l⁸
358 3465 387 3517 et
416 3464 489 3531 (ante
510 3461 588 3531 fort.)
615 3463 748 3520 Waltlter:
769 3465 813 3518 set
830 3465 934 3520 ineerta
951 3469 1019 3519 noto
1035 3465 1109 3535 (esse

70 3515 77 3618 J.
103 3533 232 3607 naam)
243 3533 248 3608 q
261 3539 293 3589 12
309 3533 338 3589 ee
351 3535 511 3590 necantes:
531 3534 581 3589 sea
596 3537 601 3603 l
617 3532 663 3602 eo,
675 3540 706 3588 11
722 3533 829 3604 sperari
842 3535 878 3590 at.
896 3537 900 3605 q
918 3540 950 3589 12
964 3533 1111 3590 uincerent
