2392 3876
283 161 332 215 AB
352 148 514 216 nxcnssn
531 160 686 216 eucusm
703 161 761 216 ΧΠ.
781 167 894 217 re-ao.
1015 161 1079 224 241

70 329 193 390 memor,
209 328 266 370 non
278 310 398 390 ferrum,
413 328 472 370 non
482 328 627 370 venenum
642 312 672 371 in
688 328 820 370 sororem
835 317 865 370 et
879 317 1017 387 patruum
1032 327 1080 370 ex·

69 401 192 478 promit,
224 398 275 458 sed
298 401 446 478 proiectos
469 400 499 458 in
523 399 645 459 humum
669 407 699 460 et
721 407 802 459 veste
825 397 916 458 multa
939 399 1080 477 gravique

71 496 191 566 opertos
214 495 308 547 necat.
345 486 397 547 lilii
420 505 538 565 quoque
557 486 747 569 Mithridatis,
771 486 849 566 quod
873 485 1012 546 caedibus
1031 504 1080 566 pa-

71 584 189 636 rentum
204 575 472 656 inlacrimaverant,
487 576 625 636 trucidati
639 585 717 638 sunt.

136 661 188 725 48.
212 663 249 725 At
268 664 434 735 Quadratus
458 682 640 742 cognoscens
663 665 815 744 proditum
837 663 1027 724 Mithridaten
1050 669 1080 723 et
1174 716 1176 719 .

71 771 195 831 regnum
215 752 251 813 ab
269 752 512 814 interlectoribus
534 755 675 833 optineri,
699 761 783 814 vocat
801 751 971 831 consilium,
994 751 1081 811 docet

71 850 135 925 acta
159 850 189 901 et
212 860 248 901 an
271 841 467 902 ulcisceretur
490 841 644 902 consultat.
686 844 789 921 paucis
813 841 905 901 decus
927 838 1079 919 publicum

71 948 175 1007 curae,
189 929 290 1008 plures
306 936 367 989 tuta
382 929 545 989 disserunt:
560 948 645 990 omne
661 931 757 992 scelus
772 937 927 991 externum
941 947 1009 989 cnm
1023 927 1080 988 lae·

37 1022 40 1027 '
71 1019 136 1077 titia
160 1016 340 1096 habendum3
364 1018 476 1077 semina
499 1019 586 1077 etiam
610 1019 745 1080 odiorum
768 1018 913 1098 iacienda,
936 1026 971 1078 nt
994 1028 1108 1095 scepei>

73 1107 230 1183 principes,
244 1104 367 1165 llomani
392 1105 514 1165 eandem
533 1106 700 1167 Armeniam
720 1109 819 1186 specie
838 1105 1001 1185 largitionis
1020 1112 1081 1166 tur-

72 1193 177 1254 bandis
192 1193 385 1254 harbarorum
400 1196 505 1254 animis
514 1193 717 1273 praebuerint:
731 1203 885 1275 poteretur
895 1194 1081 1255 Radamistus

71 1283 147 1343 male
166 1285 272 1363 partis,
290 1283 361 1342 dum
379 1284 506 1362 invisus,
524 1284 655 1361 inlamiS,
673 1283 790 1362 quando
809 1283 839 1343 id
857 1284 950 1360 magis
965 1301 1002 1343 ex
1016 1300 1081 1363 usu,

73 1389 160 1450 quam
180 1373 206 1430 si
224 1389 292 1432 curn
310 1371 401 1449 gloria
421 1371 546 1450 adeptus
559 1372 644 1431 foret.
672 1373 703 1431 in
718 1371 793 1432 banc
808 1373 984 1431 sententiam
998 1373 1081 1432 itum.

73 1478 110 1519 ne
132 1467 230 1519 tamen
249 1459 388 1519 adnuisse
406 1459 530 1520 facinori
548 1458 720 1520 viderentur
739 1467 768 1520 et
783 1460 897 1520 diversa
912 1458 1019 1519 Caesar
1037 1461 1081 1518 iu·
1096 1472 1122 1511 1⁰

73 1546 171 1626 beret,
190 1549 274 1607 missi
293 1547 328 1607 ad
342 1547 560 1609 Pharasmanen
580 1549 689 1628 nuntii,
708 1556 742 1609 ut
755 1547 929 1609 abscederet
942 1565 959 1606 a
973 1546 1082 1607 linibus

73 1636 220 1696 Armeniis
235 1635 385 1714 liliumque
399 1636 592 1697 abstraheret.

139 1720 191 1784 49.
211 1723 282 1783 Erat
297 1723 495 1802 Cappadociae
515 1731 691 1802 procurator
709 1723 800 1784 lulius
814 1722 984 1804 Paelignus,
1002 1726 1082 1801 igna-

74 1813 119 1872 via
134 1814 224 1872 animi
239 1821 269 1873 et
282 1812 445 1873 deridiculo
460 1815 593 1892 corporis
607 1816 688 1874 iuxta
703 1812 919 1893 despiciendus,
934 1812 986 1873 sed
997 1811 1080 1872 Clau·

74 1901 123 1961 dio
151 1919 294 1979 perquam
322 1901 487 1981 familiaris,
515 1920 583 1962 curn
611 1904 743 1981 privatus
767 1900 836 1961 olim
859 1901 1082 1961 conversatione

75 2008 245 2051 scurrarum
260 1992 339 2050 iners
354 1992 446 2059 otium
462 1990 630 2052 oblectaret.
662 1992 688 2052 is
708 1988 863 2068 Paelignus
880 1989 997 2051 auxiliis
1016 2007 1082 2069 pro·

74 2078 243 2139 vincialium
257 2081 418 2140 contractis
432 2087 580 2158 tamquam
590 2082 811 2159 reciperaturus
820 2078 997 2156 Armeniam,
1012 2078 1083 2138 dnm
1097 2089 1110 2130 ὁ

73 2168 171 2227 socios
194 2170 287 2245 magis
311 2186 398 2246 quam
421 2168 521 2242 hostes
545 2169 715 2248 praedatur,
744 2167 885 2228 abscessu
908 2184 1030 2228 suorum
1054 2174 1084 2228 et

74 2255 295 2316 incursantibus
314 2256 448 2317 barbaris
466 2257 607 2334 praesidii
621 2275 711 2336 egens
726 2255 761 2316 ad
775 2255 976 2317 Radamistum
991 2258 1084 2336 venit3

74 2343 218 2422 donisque
233 2346 297 2404 eius
313 2347 426 2406 evictus
440 2344 518 2405 ultro
533 2347 648 2423 regium
657 2347 773 2423 insigne
784 2362 901 2406 sumere
911 2344 1084 2404 cohortatur

74 2435 262 2510 sumentique
282 2432 365 2493 adest
384 2441 486 2493 auctor
500 2440 530 2492 et
545 2433 669 2493 satelles.
697 2433 776 2511 qnod
790 2431 843 2492 ubi
857 2434 938 2509 turpi
952 2431 1028 2491 lama
1042 2431 1084 2490 di·

74 2520 237 2599 vulgatum,
256 2533 292 2580 ne
308 2522 401 2580 ceteri
415 2538 532 2598 quoque
548 2539 583 2580 ex
597 2519 735 2598 Paeligno
750 2522 1004 2597 coniectarentur,
1017 2518 1083 2578 llel-
1098 2530 1125 2571 1⁰

75 2608 171 2667 ridius
190 2607 310 2667 Priscus
328 2608 442 2686 legatus
461 2626 529 2668 cum
548 2608 662 2686 legione
682 2610 823 2688 mittitur,
846 2605 938 2667 rebus
956 2605 1083 2666 turbidis

75 2713 130 2773 pro
149 2704 282 2773 tempore
302 2704 335 2756 ut
354 2695 530 2756 consuleret.
559 2698 650 2774 igitur
669 2713 795 2774 propere
810 2701 939 2755 montem
954 2693 1085 2756 'laurum

75 2791 280 2861 transgressus
301 2783 502 2845 moderatione
520 2784 712 2863 pluraquam
731 2786 760 2844 vi
778 2791 997 2864 composuerat,
1017 2801 1084 2845 cum

75 2871 188 2933 rediret
201 2875 232 2932 in
248 2871 365 2933 Suriam
379 2872 512 2952 iubetur,
532 2891 569 2934 ne
587 2875 706 2934 initium
720 2871 790 2934 belli
804 2871 946 2933 adversus
959 2873 1085 2934 Parthos

74 2962 223 3022 existeret.
1098 2971 1125 3013 1⁵

141 3047 193 3112 50.
219 3049 292 3110 Nam
311 3048 468 3128 Vologeses
490 3069 590 3112 casum
611 3049 791 3112 invadendae
812 3049 968 3110 Armeniae
997 3049 1083 3110 obve-

74 3141 154 3201 nisse
173 3148 268 3219 ratnS,
288 3157 375 3217 quam
394 3157 410 3199 a
429 3139 590 3201 maioribus
609 3141 671 3201 suis
689 3156 857 3218 possessam
877 3146 1017 3198 externus
1031 3156 1085 3198 ren

74 3227 185 3307 flagitio
204 3229 365 3309 optineret,
384 3227 533 3289 contrabit
550 3229 650 3308 copias
668 3227 850 3307 fratremque
864 3226 1016 3288 Tiridaten
1035 3226 1084 3286 de·

144 3362 190 3432 48,
210 3369 227 3418 4
246 3378 327 3417 omne
346 3361 473 3431 Lipsius:
498 3378 594 3416 omnes
610 3360 676 3432 149,
697 3369 710 3416 1
730 3360 842 3432 ignaui,
861 3378 909 3417 em.
929 3361 1058 3417 Meroua
1078 3360 1082 3432 l

74 3437 90 3487 3
114 3431 234 3502 priuatis
251 3437 256 3504 Ι
276 3432 488 3489 conversatione
517 3443 672 3500 sennarum
700 3431 828 3502 Lipsiae:
856 3431 1086 3502 conuersationes

74 3504 186 3558 curaret
201 3505 237 3572 ld
258 3503 433 3576 [Paelignus]
455 3503 644 3574 Freinsbet‘ml
661 3509 677 3560 9
697 3505 779 3558 aucto
796 3507 800 3571 Ι
817 3508 851 3557 14
869 3501 961 3558 redire
978 3503 1015 3559 ol.

128 3601 232 3644 raom
245 3603 329 3646 Pales.
343 3604 363 3645 1.
835 3597 868 3647 16
