<?xml version="1.0" encoding="UTF-8"?>
<!DOCTYPE html PUBLIC "-//W3C//DTD XHTML 1.0 Transitional//EN"
    "http://www.w3.org/TR/xhtml1/DTD/xhtml1-transitional.dtd">
<html xmlns="http://www.w3.org/1999/xhtml" xml:lang="en" lang="en">
 <head>
  <title>
</title>
<meta http-equiv="Content-Type" content="text/html;charset=utf-8" />
  <meta name='ocr-system' content='tesseract 3.04.00' />
  <meta name='ocr-capabilities' content='ocr_page ocr_carea ocr_par ocr_line ocrx_word'/>
</head>
<body>
  <div class='ocr_page' id='page_1' title='image "./libriquisupersu00halmgoog_0014.png"; bbox 0 0 2392 3876; ppageno 0'>
   <div class='ocr_carea' id='block_1_1' title="bbox 294 152 1076 248">
    <p class='ocr_par' dir='ltr' id='par_1_1' title="bbox 294 152 1076 248">
     <span class='ocr_line' id='line_1_1' title="bbox 294 152 1076 248; baseline 0 -10"><span class='ocrx_word' id='word_1_1' title='bbox 294 152 741 240; x_wconf 69' lang='lat' dir='ltr'><strong>maxonssunuousmr.</strong></span> <span class='ocrx_word' id='word_1_2' title='bbox 760 189 838 239; x_wconf 80' lang='lat'><strong>2-5.</strong></span> <span class='ocrx_word' id='word_1_3' title='bbox 1055 184 1076 248; x_wconf 86' lang='lat'><strong>3</strong></span> 
     </span>
    </p>
   </div>
   <div class='ocr_carea' id='block_1_2' title="bbox 54 329 1124 3320">
    <p class='ocr_par' dir='ltr' id='par_1_2' title="bbox 58 329 1124 1999">
     <span class='ocr_line' id='line_1_2' title="bbox 130 329 1076 411; baseline 0 -17"><span class='ocrx_word' id='word_1_4' title='bbox 130 329 162 394; x_wconf 87' lang='lat'><strong>4.</strong></span> <span class='ocrx_word' id='word_1_5' title='bbox 180 330 276 411; x_wconf 84' lang='lat' dir='ltr'><strong>lgltnr</strong></span> <span class='ocrx_word' id='word_1_6' title='bbox 288 348 375 392; x_wconf 87' lang='lat' dir='ltr'><strong>verso</strong></span> <span class='ocrx_word' id='word_1_7' title='bbox 389 332 517 392; x_wconf 87' lang='lat' dir='ltr'><strong>civitatis</strong></span> <span class='ocrx_word' id='word_1_8' title='bbox 531 337 610 392; x_wconf 88' lang='lat' dir='ltr'><strong>statu</strong></span> <span class='ocrx_word' id='word_1_9' title='bbox 624 330 699 391; x_wconf 88' lang='lat' dir='ltr'><strong>nibil</strong></span> <span class='ocrx_word' id='word_1_10' title='bbox 712 348 838 410; x_wconf 84' lang='lat' dir='ltr'><strong>usquam</strong></span> <span class='ocrx_word' id='word_1_11' title='bbox 852 333 944 410; x_wconf 86' lang='lat' dir='ltr'>prisci</span> <span class='ocrx_word' id='word_1_12' title='bbox 958 341 988 393; x_wconf 88' lang='lat' dir='ltr'><strong>et</strong></span> <span class='ocrx_word' id='word_1_13' title='bbox 1002 334 1076 394; x_wconf 92' lang='lat' dir='ltr'><strong>inte·</strong></span> 
     </span>
     <span class='ocr_line' id='line_1_3' title="bbox 60 418 1077 501; baseline 0 -20"><span class='ocrx_word' id='word_1_14' title='bbox 60 422 112 501; x_wconf 88' lang='lat' dir='ltr'><strong>gri</strong></span> <span class='ocrx_word' id='word_1_15' title='bbox 125 423 230 482; x_wconf 91' lang='lat' dir='ltr'><strong>moris:</strong></span> <span class='ocrx_word' id='word_1_16' title='bbox 249 437 352 480; x_wconf 89' lang='lat' dir='ltr'><strong>omnes</strong></span> <span class='ocrx_word' id='word_1_17' title='bbox 366 427 454 480; x_wconf 83' lang='lat' dir='ltr'><strong>exuta</strong></span> <span class='ocrx_word' id='word_1_18' title='bbox 468 418 644 498; x_wconf 80' lang='lat' dir='ltr'><strong>aequalitate</strong></span> <span class='ocrx_word' id='word_1_19' title='bbox 663 421 743 480; x_wconf 91' lang='lat' dir='ltr'><strong>iussa</strong></span> <span class='ocrx_word' id='word_1_20' title='bbox 756 421 901 498; x_wconf 90' lang='lat' dir='ltr'><strong>principis</strong></span> <span class='ocrx_word' id='word_1_21' title='bbox 915 429 1077 501; x_wconf 81' lang='lat' dir='ltr'><strong>aspectare,</strong></span> 
     </span>
     <span class='ocr_line' id='line_1_4' title="bbox 61 508 1076 587; baseline -0.002 -17"><span class='ocrx_word' id='word_1_22' title='bbox 61 509 145 571; x_wconf 90' lang='lat' dir='ltr'><strong>nulla</strong></span> <span class='ocrx_word' id='word_1_23' title='bbox 159 510 190 569; x_wconf 88' lang='lat' dir='ltr'><strong>in</strong></span> <span class='ocrx_word' id='word_1_24' title='bbox 203 526 346 587; x_wconf 86' lang='lat' dir='ltr'><strong>praesens</strong></span> <span class='ocrx_word' id='word_1_25' title='bbox 359 508 525 586; x_wconf 85' lang='lat' dir='ltr'><strong>formidine,</strong></span> <span class='ocrx_word' id='word_1_26' title='bbox 545 508 615 568; x_wconf 93' lang='lat' dir='ltr'><strong>dum</strong></span> <span class='ocrx_word' id='word_1_27' title='bbox 630 509 781 586; x_wconf 81' lang='lat' dir='ltr'><strong>Augustus</strong></span> <span class='ocrx_word' id='word_1_28' title='bbox 795 515 889 568; x_wconf 89' lang='lat' dir='ltr'><strong>aetate</strong></span> <span class='ocrx_word' id='word_1_29' title='bbox 904 508 1017 569; x_wconf 88' lang='lat' dir='ltr'><strong>validus</strong></span> <span class='ocrx_word' id='word_1_30' title='bbox 1032 528 1076 568; x_wconf 95' lang='lat' dir='ltr'><strong>se-</strong></span> 
     </span>
     <span class='ocr_line' id='line_1_5' title="bbox 61 596 1076 677; baseline -0.001 -20"><span class='ocrx_word' id='word_1_31' title='bbox 61 614 125 677; x_wconf 89' lang='lat' dir='ltr'><strong>que</strong></span> <span class='ocrx_word' id='word_1_32' title='bbox 138 604 170 657; x_wconf 91' lang='lat' dir='ltr'><strong>et</strong></span> <span class='ocrx_word' id='word_1_33' title='bbox 183 596 304 658; x_wconf 92' lang='lat' dir='ltr'><strong>domum</strong></span> <span class='ocrx_word' id='word_1_34' title='bbox 317 603 348 657; x_wconf 88' lang='lat' dir='ltr'><strong>et</strong></span> <span class='ocrx_word' id='word_1_35' title='bbox 361 615 465 675; x_wconf 89' lang='lat' dir='ltr'><strong>pacem</strong></span> <span class='ocrx_word' id='word_1_36' title='bbox 480 598 663 657; x_wconf 85' lang='lat' dir='ltr'><strong>sustentavit.</strong></span> <span class='ocrx_word' id='word_1_37' title='bbox 691 604 849 674; x_wconf 85' lang='lat' dir='ltr'><strong>postquam</strong></span> <span class='ocrx_word' id='word_1_38' title='bbox 865 605 1004 675; x_wconf 91' lang='lat' dir='ltr'><strong>provecta</strong></span> <span class='ocrx_word' id='word_1_39' title='bbox 1018 599 1076 656; x_wconf 91' lang='lat' dir='ltr'><strong>iam</strong></span> 
     </span>
     <span class='ocr_line' id='line_1_6' title="bbox 61 683 1104 763; baseline -0.002 -16"><span class='ocrx_word' id='word_1_40' title='bbox 61 692 206 749; x_wconf 81' lang='lat' dir='ltr'><strong>senectus</strong></span> <span class='ocrx_word' id='word_1_41' title='bbox 227 702 315 763; x_wconf 86' lang='lat' dir='ltr'><strong>aegro</strong></span> <span class='ocrx_word' id='word_1_42' title='bbox 329 693 360 745; x_wconf 89' lang='lat' dir='ltr'><strong>et</strong></span> <span class='ocrx_word' id='word_1_43' title='bbox 373 702 498 763; x_wconf 91' lang='lat' dir='ltr'><strong>corpore</strong></span> <span class='ocrx_word' id='word_1_44' title='bbox 517 683 694 763; x_wconf 82' lang='lat' dir='ltr'><strong>fatigabatur</strong></span> <span class='ocrx_word' id='word_1_45' title='bbox 708 684 868 763; x_wconf 86' lang='lat' dir='ltr'><strong>aderatque</strong></span> <span class='ocrx_word' id='word_1_46' title='bbox 883 685 950 745; x_wconf 86' lang='lat' dir='ltr'><strong>linis</strong></span> <span class='ocrx_word' id='word_1_47' title='bbox 965 694 995 745; x_wconf 91' lang='lat' dir='ltr'><strong>et</strong></span> <span class='ocrx_word' id='word_1_48' title='bbox 1009 702 1077 762; x_wconf 92' lang='lat' dir='ltr'><strong>spes</strong></span> <span class='ocrx_word' id='word_1_49' title='bbox 1091 698 1104 738; x_wconf 78' lang='lat'><strong>5</strong></span> 
     </span>
     <span class='ocr_line' id='line_1_7' title="bbox 60 772 1077 854; baseline -0.001 -20"><span class='ocrx_word' id='word_1_50' title='bbox 60 790 168 853; x_wconf 84' lang='lat' dir='ltr'><strong>novae,</strong></span> <span class='ocrx_word' id='word_1_51' title='bbox 186 775 275 851; x_wconf 89' lang='lat' dir='ltr'><strong>pauci</strong></span> <span class='ocrx_word' id='word_1_52' title='bbox 292 772 369 833; x_wconf 91' lang='lat' dir='ltr'><strong>bona</strong></span> <span class='ocrx_word' id='word_1_53' title='bbox 384 772 529 833; x_wconf 84' lang='lat' dir='ltr'><strong>libertatis</strong></span> <span class='ocrx_word' id='word_1_54' title='bbox 544 775 573 833; x_wconf 91' lang='lat' dir='ltr'><strong>in</strong></span> <span class='ocrx_word' id='word_1_55' title='bbox 590 791 706 834; x_wconf 89' lang='lat' dir='ltr'><strong>cassum</strong></span> <span class='ocrx_word' id='word_1_56' title='bbox 721 773 882 854; x_wconf 84' lang='lat' dir='ltr'><strong>disserere,</strong></span> <span class='ocrx_word' id='word_1_57' title='bbox 901 773 1003 852; x_wconf 88' lang='lat' dir='ltr'><strong>plures</strong></span> <span class='ocrx_word' id='word_1_58' title='bbox 1017 772 1077 833; x_wconf 92' lang='lat' dir='ltr'><strong>bel·</strong></span> 
     </span>
     <span class='ocr_line' id='line_1_8' title="bbox 58 861 1078 942; baseline -0.003 -19"><span class='ocrx_word' id='word_1_59' title='bbox 58 862 128 923; x_wconf 90' lang='lat' dir='ltr'><strong>lum</strong></span> <span class='ocrx_word' id='word_1_60' title='bbox 147 878 318 942; x_wconf 85' lang='lat' dir='ltr'><strong>pavescere,</strong></span> <span class='ocrx_word' id='word_1_61' title='bbox 337 861 388 921; x_wconf 90' lang='lat' dir='ltr'><strong>alii</strong></span> <span class='ocrx_word' id='word_1_62' title='bbox 407 879 525 939; x_wconf 89' lang='lat' dir='ltr'><strong>cupere.</strong></span> <span class='ocrx_word' id='word_1_63' title='bbox 557 879 626 939; x_wconf 90' lang='lat' dir='ltr'><strong>pars</strong></span> <span class='ocrx_word' id='word_1_64' title='bbox 644 861 738 923; x_wconf 92' lang='lat' dir='ltr'><strong>multo</strong></span> <span class='ocrx_word' id='word_1_65' title='bbox 756 863 882 922; x_wconf 82' lang='lat' dir='ltr'><strong>maxima</strong></span> <span class='ocrx_word' id='word_1_66' title='bbox 905 863 1078 922; x_wconf 91' lang='lat' dir='ltr'><strong>inminentis</strong></span> 
     </span>
     <span class='ocr_line' id='line_1_9' title="bbox 60 948 1078 1028; baseline -0.001 -18"><span class='ocrx_word' id='word_1_67' title='bbox 60 948 201 1011; x_wconf 85' lang='lat' dir='ltr'><strong>dominos</strong></span> <span class='ocrx_word' id='word_1_68' title='bbox 220 951 310 1009; x_wconf 85' lang='lat' dir='ltr'><strong>variis</strong></span> <span class='ocrx_word' id='word_1_69' title='bbox 328 948 497 1010; x_wconf 90' lang='lat' dir='ltr'><strong>rumoribus</strong></span> <span class='ocrx_word' id='word_1_70' title='bbox 521 949 708 1011; x_wconf 87' lang='lat' dir='ltr'><strong>dillerebant:</strong></span> <span class='ocrx_word' id='word_1_71' title='bbox 735 958 851 1011; x_wconf 80' lang='lat' dir='ltr'><strong>trucem</strong></span> <span class='ocrx_word' id='word_1_72' title='bbox 869 950 1029 1028; x_wconf 79' lang='lat' dir='ltr'><strong>Agrippam</strong></span> <span class='ocrx_word' id='word_1_73' title='bbox 1048 958 1078 1010; x_wconf 88' lang='lat' dir='ltr'><strong>et</strong></span> 
     </span>
     <span class='ocr_line' id='line_1_10' title="bbox 59 1039 1078 1119; baseline 0 -22"><span class='ocrx_word' id='word_1_74' title='bbox 59 1039 227 1117; x_wconf 79' lang='lat' dir='ltr'><strong>ignominia</strong></span> <span class='ocrx_word' id='word_1_75' title='bbox 252 1054 409 1098; x_wconf 88' lang='lat' dir='ltr'><strong>accensum</strong></span> <span class='ocrx_word' id='word_1_76' title='bbox 432 1056 492 1098; x_wconf 92' lang='lat' dir='ltr'><strong>non</strong></span> <span class='ocrx_word' id='word_1_77' title='bbox 520 1046 614 1099; x_wconf 85' lang='lat' dir='ltr'><strong>aetate</strong></span> <span class='ocrx_word' id='word_1_78' title='bbox 642 1055 739 1119; x_wconf 91' lang='lat' dir='ltr'><strong>neque</strong></span> <span class='ocrx_word' id='word_1_79' title='bbox 766 1055 868 1100; x_wconf 90' lang='lat' dir='ltr'><strong>rerum</strong></span> <span class='ocrx_word' id='word_1_80' title='bbox 896 1039 1078 1117; x_wconf 82' lang='lat' dir='ltr'><strong>experientia</strong></span> 
     </span>
     <span class='ocr_line' id='line_1_11' title="bbox 58 1124 1124 1206; baseline -0.003 -17"><span class='ocrx_word' id='word_1_81' title='bbox 58 1132 165 1189; x_wconf 81' lang='lat' dir='ltr'><strong>tantae</strong></span> <span class='ocrx_word' id='word_1_82' title='bbox 178 1124 250 1185; x_wconf 92' lang='lat' dir='ltr'><strong>moli</strong></span> <span class='ocrx_word' id='word_1_83' title='bbox 268 1143 377 1206; x_wconf 89' lang='lat' dir='ltr'><strong>parem,</strong></span> <span class='ocrx_word' id='word_1_84' title='bbox 397 1125 549 1187; x_wconf 86' lang='lat' dir='ltr'><strong>Tiberium</strong></span> <span class='ocrx_word' id='word_1_85' title='bbox 563 1125 710 1188; x_wconf 87' lang='lat' dir='ltr'><strong>Neronem</strong></span> <span class='ocrx_word' id='word_1_86' title='bbox 729 1135 880 1188; x_wconf 89' lang='lat' dir='ltr'><strong>maturum</strong></span> <span class='ocrx_word' id='word_1_87' title='bbox 899 1129 992 1206; x_wconf 88' lang='lat' dir='ltr'><strong>annis,</strong></span> <span class='ocrx_word' id='word_1_88' title='bbox 1012 1139 1124 1204; x_wconf 82' lang='lat' dir='ltr'><strong>spe-10</strong></span> 
     </span>
     <span class='ocr_line' id='line_1_12' title="bbox 60 1211 1077 1294; baseline -0.003 -17"><span class='ocrx_word' id='word_1_89' title='bbox 60 1221 179 1277; x_wconf 80' lang='lat' dir='ltr'><strong>etatum</strong></span> <span class='ocrx_word' id='word_1_90' title='bbox 192 1211 278 1293; x_wconf 91' lang='lat' dir='ltr'><strong>bello,</strong></span> <span class='ocrx_word' id='word_1_91' title='bbox 298 1222 342 1275; x_wconf 88' lang='lat' dir='ltr'><strong>set</strong></span> <span class='ocrx_word' id='word_1_92' title='bbox 357 1223 455 1275; x_wconf 89' lang='lat' dir='ltr'><strong>vetere</strong></span> <span class='ocrx_word' id='word_1_93' title='bbox 470 1224 558 1294; x_wconf 90' lang='lat' dir='ltr'><strong>atque</strong></span> <span class='ocrx_word' id='word_1_94' title='bbox 578 1216 666 1276; x_wconf 91' lang='lat' dir='ltr'><strong>insita</strong></span> <span class='ocrx_word' id='word_1_95' title='bbox 681 1214 819 1276; x_wconf 85' lang='lat' dir='ltr'><strong>Claudiae</strong></span> <span class='ocrx_word' id='word_1_96' title='bbox 834 1214 959 1276; x_wconf 82' lang='lat' dir='ltr'><strong>familiae</strong></span> <span class='ocrx_word' id='word_1_97' title='bbox 975 1232 1077 1292; x_wconf 92' lang='lat' dir='ltr'><strong>super·</strong></span> 
     </span>
     <span class='ocr_line' id='line_1_13' title="bbox 59 1300 1078 1383; baseline -0.002 -18"><span class='ocrx_word' id='word_1_98' title='bbox 59 1302 124 1382; x_wconf 81' lang='lat' dir='ltr'><strong>hia,</strong></span> <span class='ocrx_word' id='word_1_99' title='bbox 138 1300 289 1381; x_wconf 91' lang='lat' dir='ltr'><strong>multaque</strong></span> <span class='ocrx_word' id='word_1_100' title='bbox 303 1302 412 1364; x_wconf 89' lang='lat' dir='ltr'><strong>indicia</strong></span> <span class='ocrx_word' id='word_1_101' title='bbox 426 1305 573 1382; x_wconf 89' lang='lat' dir='ltr'><strong>saevitiae,</strong></span> <span class='ocrx_word' id='word_1_102' title='bbox 588 1321 764 1381; x_wconf 92' lang='lat' dir='ltr'><strong>quamquam</strong></span> <span class='ocrx_word' id='word_1_103' title='bbox 779 1311 962 1383; x_wconf 90' lang='lat' dir='ltr'><strong>premantur,</strong></span> <span class='ocrx_word' id='word_1_104' title='bbox 981 1320 1078 1363; x_wconf 90' lang='lat' dir='ltr'><strong>erum·</strong></span> 
     </span>
     <span class='ocr_line' id='line_1_14' title="bbox 59 1388 1078 1471; baseline 0.001 -22"><span class='ocrx_word' id='word_1_105' title='bbox 59 1406 147 1471; x_wconf 85' lang='lat' dir='ltr'><strong>pere.</strong></span> <span class='ocrx_word' id='word_1_106' title='bbox 169 1388 250 1451; x_wconf 87' lang='lat' dir='ltr'><strong>bunc</strong></span> <span class='ocrx_word' id='word_1_107' title='bbox 264 1396 295 1450; x_wconf 85' lang='lat' dir='ltr'><strong>et</strong></span> <span class='ocrx_word' id='word_1_108' title='bbox 307 1392 403 1469; x_wconf 91' lang='lat' dir='ltr'><strong>prima</strong></span> <span class='ocrx_word' id='word_1_109' title='bbox 417 1391 454 1451; x_wconf 89' lang='lat' dir='ltr'><strong>ab</strong></span> <span class='ocrx_word' id='word_1_110' title='bbox 468 1391 591 1450; x_wconf 86' lang='lat' dir='ltr'><strong>infantia</strong></span> <span class='ocrx_word' id='word_1_111' title='bbox 606 1391 746 1450; x_wconf 89' lang='lat' dir='ltr'><strong>eductum</strong></span> <span class='ocrx_word' id='word_1_112' title='bbox 761 1393 791 1449; x_wconf 92' lang='lat' dir='ltr'><strong>in</strong></span> <span class='ocrx_word' id='word_1_113' title='bbox 802 1391 888 1449; x_wconf 93' lang='lat' dir='ltr'><strong>domo</strong></span> <span class='ocrx_word' id='word_1_114' title='bbox 899 1392 1078 1470; x_wconf 81' lang='lat' dir='ltr'><strong>regnatrice3</strong></span> 
     </span>
     <span class='ocr_line' id='line_1_15' title="bbox 60 1475 1078 1557; baseline -0.004 -16"><span class='ocrx_word' id='word_1_115' title='bbox 60 1484 223 1557; x_wconf 80' lang='lat' dir='ltr'><strong>congestos</strong></span> <span class='ocrx_word' id='word_1_116' title='bbox 236 1479 337 1538; x_wconf 86' lang='lat' dir='ltr'><strong>iuveni</strong></span> <span class='ocrx_word' id='word_1_117' title='bbox 351 1477 533 1554; x_wconf 89' lang='lat' dir='ltr'><strong>consulatus,</strong></span> <span class='ocrx_word' id='word_1_118' title='bbox 546 1475 728 1554; x_wconf 80' lang='lat' dir='ltr'><strong>triumphos3</strong></span> <span class='ocrx_word' id='word_1_119' title='bbox 747 1494 784 1536; x_wconf 91' lang='lat' dir='ltr'><strong>ne</strong></span> <span class='ocrx_word' id='word_1_120' title='bbox 798 1479 835 1536; x_wconf 91' lang='lat' dir='ltr'><strong>iis</strong></span> <span class='ocrx_word' id='word_1_121' title='bbox 850 1477 971 1555; x_wconf 87' lang='lat' dir='ltr'><strong>quidem</strong></span> <span class='ocrx_word' id='word_1_122' title='bbox 985 1481 1078 1556; x_wconf 90' lang='lat' dir='ltr'><strong>annis,</strong></span> 
     </span>
     <span class='ocr_line' id='line_1_16' title="bbox 61 1562 1118 1647; baseline -0.008 -20"><span class='ocrx_word' id='word_1_123' title='bbox 61 1564 175 1647; x_wconf 88' lang='lat' dir='ltr'><strong>quibus</strong></span> <span class='ocrx_word' id='word_1_124' title='bbox 193 1565 289 1627; x_wconf 87' lang='lat' dir='ltr'><strong>Rhodi</strong></span> <span class='ocrx_word' id='word_1_125' title='bbox 310 1567 411 1643; x_wconf 89' lang='lat' dir='ltr'><strong>specie</strong></span> <span class='ocrx_word' id='word_1_126' title='bbox 431 1580 567 1623; x_wconf 89' lang='lat' dir='ltr'><strong>secessus</strong></span> <span class='ocrx_word' id='word_1_127' title='bbox 586 1562 653 1622; x_wconf 83' lang='lat' dir='ltr'><strong>exul</strong></span> <span class='ocrx_word' id='word_1_128' title='bbox 673 1565 776 1642; x_wconf 88' lang='lat' dir='ltr'><strong>egerit,</strong></span> <span class='ocrx_word' id='word_1_129' title='bbox 797 1562 875 1623; x_wconf 90' lang='lat' dir='ltr'><strong>aliud</strong></span> <span class='ocrx_word' id='word_1_130' title='bbox 896 1582 983 1643; x_wconf 90' lang='lat' dir='ltr'><strong>quam</strong></span> <span class='ocrx_word' id='word_1_131' title='bbox 1004 1567 1078 1625; x_wconf 91' lang='lat' dir='ltr'><strong>iram</strong></span> <span class='ocrx_word' id='word_1_132' title='bbox 1093 1580 1118 1620; x_wconf 86' lang='lat'><strong>15</strong></span> 
     </span>
     <span class='ocr_line' id='line_1_17' title="bbox 61 1650 1079 1717; baseline -0.003 -1"><span class='ocrx_word' id='word_1_133' title='bbox 61 1662 96 1717; x_wconf 83' lang='lat' dir='ltr'><strong>et</strong></span> <span class='ocrx_word' id='word_1_134' title='bbox 115 1653 336 1715; x_wconf 88' lang='lat' dir='ltr'><strong>simulationem</strong></span> <span class='ocrx_word' id='word_1_135' title='bbox 355 1658 386 1712; x_wconf 88' lang='lat' dir='ltr'><strong>et</strong></span> <span class='ocrx_word' id='word_1_136' title='bbox 406 1659 536 1712; x_wconf 90' lang='lat' dir='ltr'><strong>secretas</strong></span> <span class='ocrx_word' id='word_1_137' title='bbox 556 1650 704 1712; x_wconf 89' lang='lat' dir='ltr'><strong>lubidines</strong></span> <span class='ocrx_word' id='word_1_138' title='bbox 722 1650 904 1713; x_wconf 89' lang='lat' dir='ltr'><strong>meditatum.</strong></span> <span class='ocrx_word' id='word_1_139' title='bbox 938 1652 1079 1713; x_wconf 88' lang='lat' dir='ltr'><strong>accedere</strong></span> 
     </span>
     <span class='ocr_line' id='line_1_18' title="bbox 61 1739 1079 1819; baseline -0.003 -15"><span class='ocrx_word' id='word_1_140' title='bbox 61 1750 191 1805; x_wconf 83' lang='lat' dir='ltr'><strong>matrem</strong></span> <span class='ocrx_word' id='word_1_141' title='bbox 204 1742 343 1803; x_wconf 89' lang='lat' dir='ltr'><strong>muliebri</strong></span> <span class='ocrx_word' id='word_1_142' title='bbox 361 1742 539 1819; x_wconf 88' lang='lat' dir='ltr'><strong>inpotentia:</strong></span> <span class='ocrx_word' id='word_1_143' title='bbox 559 1740 748 1802; x_wconf 83' lang='lat' dir='ltr'><strong>serviendum</strong></span> <span class='ocrx_word' id='word_1_144' title='bbox 762 1742 888 1802; x_wconf 81' lang='lat' dir='ltr'><strong>feminae</strong></span> <span class='ocrx_word' id='word_1_145' title='bbox 902 1739 1079 1819; x_wconf 89' lang='lat' dir='ltr'><strong>duobusque</strong></span> 
     </span>
     <span class='ocr_line' id='line_1_19' title="bbox 62 1829 1087 1912; baseline -0.002 -19"><span class='ocrx_word' id='word_1_146' title='bbox 62 1834 189 1909; x_wconf 80' lang='lat' dir='ltr'><strong>insuper</strong></span> <span class='ocrx_word' id='word_1_147' title='bbox 207 1829 460 1912; x_wconf 90' lang='lat' dir='ltr'><strong>adulescentibus,</strong></span> <span class='ocrx_word' id='word_1_148' title='bbox 480 1833 532 1910; x_wconf 92' lang='lat' dir='ltr'><strong>qui</strong></span> <span class='ocrx_word' id='word_1_149' title='bbox 549 1848 613 1891; x_wconf 92' lang='lat' dir='ltr'><strong>rem</strong></span> <span class='ocrx_word' id='word_1_150' title='bbox 631 1829 781 1910; x_wconf 88' lang='lat' dir='ltr'><strong>publicam</strong></span> <span class='ocrx_word' id='word_1_151' title='bbox 794 1832 915 1891; x_wconf 89' lang='lat' dir='ltr'><strong>interim</strong></span> <span class='ocrx_word' id='word_1_152' title='bbox 934 1839 1087 1911; x_wconf 83' lang='lat' dir='ltr'><strong>premant,</strong></span> 
     </span>
     <span class='ocr_line' id='line_1_20' title="bbox 63 1918 430 1999; baseline -0.011 -16"><span class='ocrx_word' id='word_1_153' title='bbox 63 1919 243 1999; x_wconf 84' lang='lat' dir='ltr'><strong>quandoque</strong></span> <span class='ocrx_word' id='word_1_154' title='bbox 258 1918 430 1980; x_wconf 87' lang='lat' dir='ltr'><strong>distrahant.</strong></span> 
     </span>
    </p>

    <p class='ocr_par' dir='ltr' id='par_1_3' title="bbox 61 2003 1117 3051">
     <span class='ocr_line' id='line_1_21' title="bbox 131 2003 1078 2088; baseline -0.001 -20"><span class='ocrx_word' id='word_1_155' title='bbox 131 2003 161 2068; x_wconf 83' lang='lat'><strong>5.</strong></span> <span class='ocrx_word' id='word_1_156' title='bbox 181 2005 260 2066; x_wconf 88' lang='lat' dir='ltr'><strong>llaec</strong></span> <span class='ocrx_word' id='word_1_157' title='bbox 279 2015 367 2086; x_wconf 92' lang='lat' dir='ltr'><strong>atque</strong></span> <span class='ocrx_word' id='word_1_158' title='bbox 386 2006 454 2068; x_wconf 89' lang='lat' dir='ltr'><strong>talia</strong></span> <span class='ocrx_word' id='word_1_159' title='bbox 473 2007 652 2085; x_wconf 82' lang='lat' dir='ltr'><strong>agitantibus</strong></span> <span class='ocrx_word' id='word_1_160' title='bbox 671 2026 845 2088; x_wconf 85' lang='lat' dir='ltr'><strong>gravescere</strong></span> <span class='ocrx_word' id='word_1_161' title='bbox 864 2007 1001 2069; x_wconf 87' lang='lat' dir='ltr'><strong>valetudo</strong></span> <span class='ocrx_word' id='word_1_162' title='bbox 1020 2008 1078 2068; x_wconf 79' lang='lat' dir='ltr'><strong>Au·</strong></span> 
     </span>
     <span class='ocr_line' id='line_1_22' title="bbox 63 2095 1079 2177; baseline -0.001 -21"><span class='ocrx_word' id='word_1_163' title='bbox 63 2098 154 2175; x_wconf 87' lang='lat' dir='ltr'><strong>gusti,</strong></span> <span class='ocrx_word' id='word_1_164' title='bbox 175 2102 205 2154; x_wconf 89' lang='lat' dir='ltr'><strong>et</strong></span> <span class='ocrx_word' id='word_1_165' title='bbox 224 2095 344 2173; x_wconf 90' lang='lat' dir='ltr'><strong>quidam</strong></span> <span class='ocrx_word' id='word_1_166' title='bbox 363 2095 460 2157; x_wconf 91' lang='lat' dir='ltr'><strong>scelus</strong></span> <span class='ocrx_word' id='word_1_167' title='bbox 479 2099 581 2158; x_wconf 84' lang='lat' dir='ltr'><strong>uxoris</strong></span> <span class='ocrx_word' id='word_1_168' title='bbox 600 2097 818 2177; x_wconf 89' lang='lat' dir='ltr'><strong>suspectabant.</strong></span> <span class='ocrx_word' id='word_1_169' title='bbox 847 2099 956 2177; x_wconf 90' lang='lat' dir='ltr'><strong>quippe</strong></span> <span class='ocrx_word' id='word_1_170' title='bbox 975 2114 1079 2158; x_wconf 90' lang='lat' dir='ltr'><strong>rumor</strong></span> 
     </span>
     <span class='ocr_line' id='line_1_23' title="bbox 63 2184 1079 2269; baseline -0.001 -24"><span class='ocrx_word' id='word_1_171' title='bbox 63 2184 242 2269; x_wconf 79' lang='lat' dir='ltr'><strong>incesserat,</strong></span> <span class='ocrx_word' id='word_1_172' title='bbox 265 2201 376 2262; x_wconf 91' lang='lat' dir='ltr'><strong>paucos</strong></span> <span class='ocrx_word' id='word_1_173' title='bbox 397 2192 464 2245; x_wconf 91' lang='lat' dir='ltr'><strong>ante</strong></span> <span class='ocrx_word' id='word_1_174' title='bbox 484 2204 601 2247; x_wconf 90' lang='lat' dir='ltr'><strong>menses</strong></span> <span class='ocrx_word' id='word_1_175' title='bbox 620 2187 800 2266; x_wconf 84' lang='lat' dir='ltr'><strong>Augustum,</strong></span> <span class='ocrx_word' id='word_1_176' title='bbox 824 2186 927 2246; x_wconf 89' lang='lat' dir='ltr'><strong>electis</strong></span> <span class='ocrx_word' id='word_1_177' title='bbox 951 2187 1079 2245; x_wconf 90' lang='lat' dir='ltr'><strong>consciis</strong></span> 
     </span>
     <span class='ocr_line' id='line_1_24' title="bbox 63 2271 1078 2355; baseline -0.001 -22"><span class='ocrx_word' id='word_1_178' title='bbox 63 2279 96 2334; x_wconf 86' lang='lat' dir='ltr'><strong>et</strong></span> <span class='ocrx_word' id='word_1_179' title='bbox 109 2271 217 2333; x_wconf 88' lang='lat' dir='ltr'><strong>comite</strong></span> <span class='ocrx_word' id='word_1_180' title='bbox 232 2289 292 2331; x_wconf 89' lang='lat' dir='ltr'><strong>uno</strong></span> <span class='ocrx_word' id='word_1_181' title='bbox 307 2271 397 2333; x_wconf 90' lang='lat' dir='ltr'><strong>Fabio</strong></span> <span class='ocrx_word' id='word_1_182' title='bbox 412 2272 547 2355; x_wconf 79' lang='lat' dir='ltr'><strong>Maximo,</strong></span> <span class='ocrx_word' id='word_1_183' title='bbox 561 2274 725 2335; x_wconf 90' lang='lat' dir='ltr'><strong>Planasiam</strong></span> <span class='ocrx_word' id='word_1_184' title='bbox 740 2282 857 2336; x_wconf 89' lang='lat' dir='ltr'><strong>vectum</strong></span> <span class='ocrx_word' id='word_1_185' title='bbox 872 2273 908 2334; x_wconf 92' lang='lat' dir='ltr'><strong>ad</strong></span> <span class='ocrx_word' id='word_1_186' title='bbox 923 2273 1078 2335; x_wconf 91' lang='lat' dir='ltr'><strong>visendum</strong></span> 
     </span>
     <span class='ocr_line' id='line_1_25' title="bbox 63 2360 1104 2447; baseline -0.003 -27"><span class='ocrx_word' id='word_1_187' title='bbox 63 2360 238 2439; x_wconf 81' lang='lat' dir='ltr'><strong>Agrippam3</strong></span> <span class='ocrx_word' id='word_1_188' title='bbox 262 2360 369 2421; x_wconf 89' lang='lat' dir='ltr'><strong>multas</strong></span> <span class='ocrx_word' id='word_1_189' title='bbox 389 2361 450 2422; x_wconf 89' lang='lat' dir='ltr'><strong>illic</strong></span> <span class='ocrx_word' id='word_1_190' title='bbox 470 2365 619 2440; x_wconf 89' lang='lat' dir='ltr'><strong>utrimque</strong></span> <span class='ocrx_word' id='word_1_191' title='bbox 638 2361 774 2423; x_wconf 89' lang='lat' dir='ltr'><strong>lacrimas</strong></span> <span class='ocrx_word' id='word_1_192' title='bbox 794 2369 823 2422; x_wconf 92' lang='lat' dir='ltr'><strong>et</strong></span> <span class='ocrx_word' id='word_1_193' title='bbox 842 2364 925 2440; x_wconf 92' lang='lat' dir='ltr'><strong>signa</strong></span> <span class='ocrx_word' id='word_1_194' title='bbox 946 2363 1104 2447; x_wconf 77' lang='lat' dir='ltr'><strong>caritatiss</strong></span> 
     </span>
     <span class='ocr_line' id='line_1_26' title="bbox 63 2449 1077 2529; baseline -0.001 -19"><span class='ocrx_word' id='word_1_195' title='bbox 63 2466 208 2529; x_wconf 89' lang='lat' dir='ltr'><strong>spemque</strong></span> <span class='ocrx_word' id='word_1_196' title='bbox 232 2466 268 2508; x_wconf 86' lang='lat' dir='ltr'><strong>ex</strong></span> <span class='ocrx_word' id='word_1_197' title='bbox 289 2467 324 2509; x_wconf 93' lang='lat' dir='ltr'><strong>eo</strong></span> <span class='ocrx_word' id='word_1_198' title='bbox 346 2449 408 2509; x_wconf 84' lang='lat' dir='ltr'><strong>lore</strong></span> <span class='ocrx_word' id='word_1_199' title='bbox 433 2457 466 2511; x_wconf 95' lang='lat' dir='ltr'><strong>ut</strong></span> <span class='ocrx_word' id='word_1_200' title='bbox 489 2451 604 2510; x_wconf 88' lang='lat' dir='ltr'><strong>iuvenis</strong></span> <span class='ocrx_word' id='word_1_201' title='bbox 627 2450 785 2527; x_wconf 88' lang='lat' dir='ltr'><strong>penatibus</strong></span> <span class='ocrx_word' id='word_1_202' title='bbox 813 2451 860 2508; x_wconf 92' lang='lat' dir='ltr'><strong>avi</strong></span> <span class='ocrx_word' id='word_1_203' title='bbox 887 2449 1077 2511; x_wconf 91' lang='lat' dir='ltr'><strong>redderetur:</strong></span> 
     </span>
     <span class='ocr_line' id='line_1_27' title="bbox 63 2534 1077 2617; baseline 0 -20"><span class='ocrx_word' id='word_1_204' title='bbox 63 2536 143 2616; x_wconf 93' lang='lat' dir='ltr'><strong>quod</strong></span> <span class='ocrx_word' id='word_1_205' title='bbox 159 2535 318 2597; x_wconf 84' lang='lat' dir='ltr'><strong>Maximum</strong></span> <span class='ocrx_word' id='word_1_206' title='bbox 338 2539 425 2597; x_wconf 83' lang='lat' dir='ltr'><strong>uxori</strong></span> <span class='ocrx_word' id='word_1_207' title='bbox 443 2536 570 2596; x_wconf 88' lang='lat' dir='ltr'><strong>Marciae</strong></span> <span class='ocrx_word' id='word_1_208' title='bbox 590 2540 755 2617; x_wconf 90' lang='lat' dir='ltr'><strong>aperuisse,</strong></span> <span class='ocrx_word' id='word_1_209' title='bbox 774 2534 854 2596; x_wconf 91' lang='lat' dir='ltr'><strong>illam</strong></span> <span class='ocrx_word' id='word_1_210' title='bbox 869 2535 976 2595; x_wconf 89' lang='lat' dir='ltr'><strong>Liviae.</strong></span> <span class='ocrx_word' id='word_1_211' title='bbox 1009 2553 1077 2614; x_wconf 90' lang='lat' dir='ltr'><strong>gna·</strong></span> 
     </span>
     <span class='ocr_line' id='line_1_28' title="bbox 61 2621 1077 2703; baseline -0.002 -16"><span class='ocrx_word' id='word_1_212' title='bbox 61 2643 131 2687; x_wconf 89' lang='lat' dir='ltr'><strong>rum</strong></span> <span class='ocrx_word' id='word_1_213' title='bbox 146 2625 176 2683; x_wconf 92' lang='lat' dir='ltr'><strong>id</strong></span> <span class='ocrx_word' id='word_1_214' title='bbox 192 2624 324 2703; x_wconf 69' lang='lat' dir='ltr'><strong>Caesari,</strong></span> <span class='ocrx_word' id='word_1_215' title='bbox 342 2641 439 2703; x_wconf 91' lang='lat' dir='ltr'><strong>neque</strong></span> <span class='ocrx_word' id='word_1_216' title='bbox 457 2622 551 2683; x_wconf 89' lang='lat' dir='ltr'><strong>multo</strong></span> <span class='ocrx_word' id='word_1_217' title='bbox 569 2629 638 2700; x_wconf 89' lang='lat' dir='ltr'><strong>post</strong></span> <span class='ocrx_word' id='word_1_218' title='bbox 652 2627 782 2684; x_wconf 83' lang='lat' dir='ltr'><strong>extincto</strong></span> <span class='ocrx_word' id='word_1_219' title='bbox 797 2621 932 2703; x_wconf 83' lang='lat' dir='ltr'><strong>Maximo,</strong></span> <span class='ocrx_word' id='word_1_220' title='bbox 953 2623 1077 2685; x_wconf 91' lang='lat' dir='ltr'><strong>dubium</strong></span> 
     </span>
     <span class='ocr_line' id='line_1_29' title="bbox 63 2708 1077 2790; baseline 0.001 -18"><span class='ocrx_word' id='word_1_221' title='bbox 63 2731 102 2775; x_wconf 91' lang='lat' dir='ltr'><strong>an</strong></span> <span class='ocrx_word' id='word_1_222' title='bbox 122 2712 256 2788; x_wconf 91' lang='lat' dir='ltr'><strong>quaesita</strong></span> <span class='ocrx_word' id='word_1_223' title='bbox 273 2718 383 2788; x_wconf 92' lang='lat' dir='ltr'><strong>morte,</strong></span> <span class='ocrx_word' id='word_1_224' title='bbox 405 2708 521 2769; x_wconf 88' lang='lat' dir='ltr'><strong>auditos</strong></span> <span class='ocrx_word' id='word_1_225' title='bbox 539 2712 570 2769; x_wconf 91' lang='lat' dir='ltr'><strong>in</strong></span> <span class='ocrx_word' id='word_1_226' title='bbox 591 2709 695 2771; x_wconf 84' lang='lat' dir='ltr'><strong>funere</strong></span> <span class='ocrx_word' id='word_1_227' title='bbox 716 2713 780 2770; x_wconf 91' lang='lat' dir='ltr'><strong>eius</strong></span> <span class='ocrx_word' id='word_1_228' title='bbox 799 2708 924 2772; x_wconf 89' lang='lat' dir='ltr'><strong>Marciae</strong></span> <span class='ocrx_word' id='word_1_229' title='bbox 949 2715 1077 2790; x_wconf 92' lang='lat' dir='ltr'><strong>gemitus</strong></span> 
     </span>
     <span class='ocr_line' id='line_1_30' title="bbox 64 2795 1117 2879; baseline -0.006 -19"><span class='ocrx_word' id='word_1_230' title='bbox 64 2805 160 2861; x_wconf 90' lang='lat' dir='ltr'><strong>semet</strong></span> <span class='ocrx_word' id='word_1_231' title='bbox 174 2797 347 2872; x_wconf 88' lang='lat' dir='ltr'><strong>incusantis,</strong></span> <span class='ocrx_word' id='word_1_232' title='bbox 362 2795 441 2872; x_wconf 89' lang='lat' dir='ltr'><strong>quod</strong></span> <span class='ocrx_word' id='word_1_233' title='bbox 456 2812 544 2856; x_wconf 89' lang='lat' dir='ltr'><strong>causa</strong></span> <span class='ocrx_word' id='word_1_234' title='bbox 559 2797 642 2855; x_wconf 81' lang='lat' dir='ltr'><strong>exitii</strong></span> <span class='ocrx_word' id='word_1_235' title='bbox 656 2799 761 2857; x_wconf 89' lang='lat' dir='ltr'><strong>marito</strong></span> <span class='ocrx_word' id='word_1_236' title='bbox 773 2796 885 2858; x_wconf 86' lang='lat' dir='ltr'><strong>luisset.</strong></span> <span class='ocrx_word' id='word_1_237' title='bbox 913 2806 1075 2879; x_wconf 89' lang='lat' dir='ltr'><strong>utcumque</strong></span> <span class='ocrx_word' id='word_1_238' title='bbox 1091 2815 1117 2855; x_wconf 93' lang='lat' dir='ltr'><strong>1o</strong></span> 
     </span>
     <span class='ocr_line' id='line_1_31' title="bbox 65 2880 1077 2966; baseline 0.002 -21"><span class='ocrx_word' id='word_1_239' title='bbox 65 2904 98 2946; x_wconf 90' lang='lat' dir='ltr'><strong>se</strong></span> <span class='ocrx_word' id='word_1_240' title='bbox 119 2902 152 2943; x_wconf 90' lang='lat' dir='ltr'><strong>ca</strong></span> <span class='ocrx_word' id='word_1_241' title='bbox 172 2900 220 2943; x_wconf 86' lang='lat' dir='ltr'><strong>res</strong></span> <span class='ocrx_word' id='word_1_242' title='bbox 240 2881 351 2961; x_wconf 89' lang='lat' dir='ltr'><strong>habuit,</strong></span> <span class='ocrx_word' id='word_1_243' title='bbox 372 2880 491 2940; x_wconf 83' lang='lat' dir='ltr'><strong>vixdum</strong></span> <span class='ocrx_word' id='word_1_244' title='bbox 510 2885 662 2961; x_wconf 91' lang='lat' dir='ltr'><strong>ingressus</strong></span> <span class='ocrx_word' id='word_1_245' title='bbox 685 2882 835 2960; x_wconf 80' lang='lat' dir='ltr'><strong>Illyricum</strong></span> <span class='ocrx_word' id='word_1_246' title='bbox 853 2884 992 2946; x_wconf 89' lang='lat' dir='ltr'><strong>Tiberius</strong></span> <span class='ocrx_word' id='word_1_247' title='bbox 1010 2905 1077 2966; x_wconf 94' lang='lat' dir='ltr'><strong>pro·</strong></span> 
     </span>
     <span class='ocr_line' id='line_1_32' title="bbox 65 2969 1077 3051; baseline 0.001 -20"><span class='ocrx_word' id='word_1_248' title='bbox 65 2973 146 3031; x_wconf 87' lang='lat' dir='ltr'><strong>neris</strong></span> <span class='ocrx_word' id='word_1_249' title='bbox 166 2973 268 3032; x_wconf 90' lang='lat' dir='ltr'><strong>matris</strong></span> <span class='ocrx_word' id='word_1_250' title='bbox 282 2969 378 3031; x_wconf 90' lang='lat' dir='ltr'><strong>literis</strong></span> <span class='ocrx_word' id='word_1_251' title='bbox 392 2971 519 3051; x_wconf 79' lang='lat' dir='ltr'><strong>accitur3</strong></span> <span class='ocrx_word' id='word_1_252' title='bbox 540 2987 637 3048; x_wconf 90' lang='lat' dir='ltr'><strong>neque</strong></span> <span class='ocrx_word' id='word_1_253' title='bbox 658 2972 729 3030; x_wconf 85' lang='lat' dir='ltr'><strong>satis</strong></span> <span class='ocrx_word' id='word_1_254' title='bbox 749 2980 924 3047; x_wconf 88' lang='lat' dir='ltr'><strong>conpertum</strong></span> <span class='ocrx_word' id='word_1_255' title='bbox 944 2980 998 3051; x_wconf 89' lang='lat' dir='ltr'><strong>est,</strong></span> <span class='ocrx_word' id='word_1_256' title='bbox 1019 2977 1077 3051; x_wconf 91' lang='lat' dir='ltr'><strong>spi-</strong></span> 
     </span>
    </p>

    <p class='ocr_par' dir='ltr' id='par_1_4' title="bbox 54 3056 1117 3320">
     <span class='ocr_line' id='line_1_33' title="bbox 108 3056 1078 3138; baseline 0.003 -21"><span class='ocrx_word' id='word_1_257' title='bbox 108 3066 180 3120; x_wconf 82' lang='lat' dir='ltr'><strong>rtem</strong></span> <span class='ocrx_word' id='word_1_258' title='bbox 200 3061 296 3120; x_wconf 90' lang='lat' dir='ltr'><strong>adhuc</strong></span> <span class='ocrx_word' id='word_1_259' title='bbox 315 3059 481 3136; x_wconf 76' lang='lat' dir='ltr'><strong>Augustum</strong></span> <span class='ocrx_word' id='word_1_260' title='bbox 505 3058 582 3138; x_wconf 91' lang='lat' dir='ltr'><strong>apud</strong></span> <span class='ocrx_word' id='word_1_261' title='bbox 606 3057 711 3119; x_wconf 90' lang='lat' dir='ltr'><strong>urbem</strong></span> <span class='ocrx_word' id='word_1_262' title='bbox 732 3056 835 3117; x_wconf 91' lang='lat' dir='ltr'><strong>Nolam</strong></span> <span class='ocrx_word' id='word_1_263' title='bbox 854 3077 890 3119; x_wconf 90' lang='lat' dir='ltr'><strong>an</strong></span> <span class='ocrx_word' id='word_1_264' title='bbox 914 3061 1078 3120; x_wconf 86' lang='lat' dir='ltr'><strong>exanimem</strong></span> 
     </span>
     <span class='ocr_line' id='line_1_34' title="bbox 54 3146 1076 3227; baseline 0.003 -22"><span class='ocrx_word' id='word_1_265' title='bbox 54 3152 68 3193; x_wconf 60' lang='lat' dir='ltr'>fi</span> <span class='ocrx_word' id='word_1_266' title='bbox 85 3150 241 3224; x_wconf 72' lang='lat' dir='ltr'><strong>cppercrit.</strong></span> <span class='ocrx_word' id='word_1_267' title='bbox 270 3146 389 3207; x_wconf 90' lang='lat' dir='ltr'><strong>acribus</strong></span> <span class='ocrx_word' id='word_1_268' title='bbox 403 3163 530 3227; x_wconf 92' lang='lat' dir='ltr'><strong>namque</strong></span> <span class='ocrx_word' id='word_1_269' title='bbox 545 3148 688 3210; x_wconf 90' lang='lat' dir='ltr'><strong>custodiis</strong></span> <span class='ocrx_word' id='word_1_270' title='bbox 703 3147 823 3209; x_wconf 91' lang='lat' dir='ltr'><strong>domum</strong></span> <span class='ocrx_word' id='word_1_271' title='bbox 837 3155 867 3209; x_wconf 91' lang='lat' dir='ltr'><strong>et</strong></span> <span class='ocrx_word' id='word_1_272' title='bbox 882 3149 943 3208; x_wconf 92' lang='lat' dir='ltr'><strong>vias</strong></span> <span class='ocrx_word' id='word_1_273' title='bbox 962 3164 1076 3227; x_wconf 88' lang='lat' dir='ltr'><strong>saepse-</strong></span> 
     </span>
     <span class='ocr_line' id='line_1_35' title="bbox 66 3233 1117 3320; baseline 0.004 -27"><span class='ocrx_word' id='word_1_274' title='bbox 66 3242 112 3294; x_wconf 86' lang='lat' dir='ltr'><strong>rat</strong></span> <span class='ocrx_word' id='word_1_275' title='bbox 126 3233 220 3314; x_wconf 86' lang='lat' dir='ltr'><strong>Livia,</strong></span> <span class='ocrx_word' id='word_1_276' title='bbox 240 3235 367 3313; x_wconf 90' lang='lat' dir='ltr'><strong>laetique</strong></span> <span class='ocrx_word' id='word_1_277' title='bbox 383 3236 532 3299; x_wconf 91' lang='lat' dir='ltr'><strong>interdum</strong></span> <span class='ocrx_word' id='word_1_278' title='bbox 552 3241 650 3300; x_wconf 90' lang='lat' dir='ltr'><strong>nuntii</strong></span> <span class='ocrx_word' id='word_1_279' title='bbox 670 3236 875 3320; x_wconf 88' lang='lat' dir='ltr'><strong>vulgabantur,</strong></span> <span class='ocrx_word' id='word_1_280' title='bbox 896 3237 990 3299; x_wconf 90' lang='lat' dir='ltr'><strong>donec</strong></span> <span class='ocrx_word' id='word_1_281' title='bbox 1008 3250 1117 3316; x_wconf 79' lang='lat' dir='ltr'><strong>pro-1⁵</strong></span> 
     </span>
    </p>
   </div>
   <div class='ocr_carea' id='block_1_3' title="bbox 68 3439 1075 3662">
    <p class='ocr_par' dir='ltr' id='par_1_5' title="bbox 68 3439 1075 3588">
     <span class='ocr_line' id='line_1_36' title="bbox 136 3439 1075 3587; baseline 0.011 -96"><span class='ocrx_word' id='word_1_282' title='bbox 136 3439 162 3505; x_wconf 84' lang='lat'><strong>4,</strong></span> <span class='ocrx_word' id='word_1_283' title='bbox 175 3446 206 3493; x_wconf 78' lang='lat'><strong>15</strong></span> <span class='ocrx_word' id='word_1_284' title='bbox 217 3440 280 3494; x_wconf 82' lang='lat' dir='ltr'><strong>exul</strong></span> <span class='ocrx_word' id='word_1_285' title='bbox 296 3443 437 3500; x_wconf 79' lang='lat' dir='ltr'><strong>Muretus:</strong></span> <span class='ocrx_word' id='word_1_286' title='bbox 431 3445 561 3500; x_wconf 84' lang='lat' dir='ltr'><strong>·exulem</strong></span> <span class='ocrx_word' id='word_1_287' title='bbox 577 3448 582 3516; x_wconf 91' lang='grc'>1</span> <span class='ocrx_word' id='word_1_288' title='bbox 598 3445 675 3501; x_wconf 87' lang='lat' dir='ltr'><strong>ahud</strong></span> <span class='ocrx_word' id='word_1_289' title='bbox 683 3445 743 3515; x_wconf 73' lang='lat' dir='ltr'><strong>Nep</strong></span> <span class='ocrx_word' id='word_1_290' title='bbox 764 3446 856 3518; x_wconf 74' lang='lat' dir='ltr'><strong>erdep:</strong></span> <span class='ocrx_word' id='word_1_291' title='bbox 854 3445 996 3587; x_wconf 72' lang='lat' dir='ltr'><strong>)aliquid(</strong></span> <span class='ocrx_word' id='word_1_292' title='bbox 997 3446 1075 3503; x_wconf 84' lang='lat' dir='ltr'><strong>aliud</strong></span> 
     </span>
     <span class='ocr_line' id='line_1_37' title="bbox 68 3481 987 3662; baseline 0.015 -101"><span class='ocrx_word' id='word_1_293' title='bbox 68 3505 133 3574; x_wconf 68' lang='lat' dir='ltr'><strong>quid</strong></span> <span class='ocrx_word' id='word_1_294' title='bbox 152 3481 272 3582; x_wconf 78' lang='lat' dir='ltr'><strong>¹Drct&#39;qer)</strong></span> <span class='ocrx_word' id='word_1_295' title='bbox 262 3513 336 3581; x_wconf 78' lang='grc'>),15</span> <span class='ocrx_word' id='word_1_296' title='bbox 357 3519 511 3584; x_wconf 77' lang='lat' dir='ltr'><strong>tgnarum</strong></span> <span class='ocrx_word' id='word_1_297' title='bbox 529 3517 657 3588; x_wconf 79' lang='lat' dir='ltr'><strong>Lipsius.</strong></span> <span class='ocrx_word' id='word_1_298' title='bbox 676 3522 728 3580; x_wconf 74' lang='lat' dir='ltr'><strong>e(</strong></span> <span class='ocrx_word' id='word_1_299' title='bbox 757 3520 987 3662; x_wconf 68' lang='lat' dir='ltr'><strong>.corr.)1nauum</strong></span> 
     </span>
    </p>
   </div>
   <div class='ocr_carea' id='block_1_4' title="bbox 0 0 1207 3876">
    <p class='ocr_par' dir='ltr' id='par_1_6' title="bbox 0 0 1207 3876">
     <span class='ocr_line' id='line_1_38' title="bbox 0 0 1207 3876; baseline 0 0"><span class='ocrx_word' id='word_1_300' title='bbox 0 0 1207 3876; x_wconf 95' lang='lat' dir='ltr'><strong> </strong></span> 
     </span>
    </p>
   </div>
  </div>
 </body>
</html>
