2392 3876
135 159 201 222 240
485 156 656 212 couneus
673 156 792 212 suern
843 232 848 238 ,

134 315 274 369 cruentos
289 307 478 368 condiciones
494 306 600 368 mallet
618 306 822 367 cunctantem!
832 306 1050 369 eollitbridate
1061 317 1152 370 etsu-

96 411 122 450 ιο
135 399 246 476 spectis
256 396 398 475 praelecti
412 395 553 475 consiliis,
567 395 646 474 quod
661 395 803 473 paelicem
817 397 927 474 regiam
940 396 1094 475 polluerat
1108 400 1152 459 in-

135 504 193 565 que
203 504 319 546 omnem
329 485 482 545 libidinem
491 483 600 544 venalis
614 483 786 563 habebatur,
800 482 958 562 Casperius
971 487 1101 547 interim
1115 486 1152 547 ad

134 575 351 635 Pharasmanen
369 573 515 652 pervadit,
535 582 628 651 utque
642 572 746 632 lliberi
763 572 878 633 obsidio
896 572 1045 634 decedant
1059 593 1152 654 expo

135 663 234 725 stulat
262 662 311 723 ille
330 661 481 741 propalam
498 664 611 721 incerta
626 669 656 720 et
670 664 788 740 saepius
802 660 935 722 molliora
949 664 1152 745 respondens,

135 755 260 813 secretis
282 752 395 810 nuntiis
418 758 519 809 monet
536 749 737 811 Radamistum
756 749 1004 828 obpugnationem
1023 769 1152 833 quoquo

96 855 121 894 15
135 841 222 903 modo
236 838 376 900 celerare.
402 846 527 915 augetur
541 837 644 916 flagitii
657 856 786 918 merces,
800 847 830 898 et
843 837 936 898 Pollio
949 839 1070 900 occulta
1084 859 1152 903 cor·

135 931 273 1008 ruptione
291 925 407 1004 inpellit
424 926 546 1008 milites,
564 934 599 986 ut
616 944 719 1005 pacem
737 927 903 1004 flagitarent
921 945 1013 1006 seque
1034 933 1152 1006 praesi-

135 1018 217 1077 dium
239 1017 402 1075 omissuros
424 1017 641 1076 minitarentur.
678 1034 736 1094 qua
758 1017 935 1077 necessitate
957 1014 1152 1080 blithridates

135 1106 213 1166 diem
228 1103 385 1182 locumque
399 1104 513 1165 foederi
526 1106 641 1183 accepit
654 1104 834 1183 castelloque
849 1105 1008 1183 egreditur.

202 1191 254 1253 47.
278 1191 320 1252 bc
343 1195 438 1271 primo
457 1192 644 1253 Radamistus
666 1195 697 1253 in
720 1192 872 1270 amplexus
890 1195 956 1254 eius
973 1193 1090 1256 effusus
1111 1199 1150 1258 si·

135 1282 248 1342 mulare
267 1279 456 1361 obsequium,
480 1300 617 1342 socerum
640 1299 674 1340 ac
697 1289 850 1360 parentem
869 1280 1030 1364 appellare3
1055 1284 1152 1347 adicit

135 1374 182 1431 ius
196 1369 368 1451 iurandum,
386 1388 445 1430 non
459 1371 552 1450 ferro,
570 1388 630 1430 non
647 1388 761 1430 veneno
779 1372 838 1431 vim
852 1369 1027 1432 adlaturum.
1057 1374 1152 1436 simul

135 1463 167 1520 in
180 1460 281 1520 lucum
294 1461 494 1539 propinquum
508 1458 607 1538 trahit,
621 1461 772 1538 provisum
786 1458 845 1520 illic
860 1459 998 1520 sacrificii
1006 1469 1152 1537 paratum

109 1550 287 1628 ⁵dictitans,
310 1557 344 1608 ut
362 1548 408 1608 dis
427 1547 554 1609 testibus
572 1565 628 1626 pax
646 1547 823 1608 firmaretur.
859 1565 924 1607 mos
945 1556 990 1608 est
1010 1549 1151 1632 regibus,

137 1640 274 1717 quotiens
288 1639 317 1696 in
334 1639 503 1698 societatem
518 1642 636 1716 coeant,
655 1635 806 1714 implicare
824 1635 944 1696 dextras
961 1635 1150 1719 pollicesque

136 1731 214 1788 inter
228 1744 261 1786 se
281 1727 393 1785 vincire
411 1725 548 1803 nodoque
567 1727 799 1803 praestringere:
816 1742 885 1784 mox
903 1724 956 1785 ubi
973 1729 1098 1805 sanguis
1118 1731 1150 1790 in

136 1823 218 1876 artus
232 1833 264 1875 se
278 1821 425 1874 extremos
440 1812 605 1892 suffuderit,
618 1813 675 1873 levi
688 1815 751 1873 ictu
765 1831 902 1874 cruorem
914 1812 1040 1884 eliciunt
1055 1824 1150 1896 atque

135 1906 261 1964 invicem
280 1901 420 1961 lambunt.
457 1901 487 1961 id
511 1901 615 1962 loedus
633 1919 773 1962 arcanum
792 1901 918 1963 babetur
936 1904 1021 1980 quasi
1039 1915 1150 1968 mutuo

97 2007 122 2045 io
135 2009 243 2052 cruore
262 1997 417 2050 sacratum.
454 1989 506 2049 sed
526 1997 597 2049 tunc
617 1993 668 2068 qui
687 2008 721 2050 ea
738 1990 834 2051 vincla
856 1990 1043 2072 admovebat,
1065 1993 1151 2056 deci·

136 2080 215 2139 disse
227 2077 368 2137 simulans
377 2095 473 2155 genua
482 2076 661 2138 Mithridatis
670 2079 782 2146 invadit
795 2081 952 2159 ipsumque
966 2086 1149 2164 prosternit3

135 2166 282 2244 simulque
298 2183 446 2226 concursu
460 2164 589 2244 plurium
604 2168 767 2228 iniciuntur
781 2177 910 2228 catenae.
938 2186 972 2228 ac
991 2172 1149 2254 compede,

134 2254 213 2334 quod
228 2254 408 2314 dedecorum
421 2253 568 2335 barbaris,
582 2254 768 2336 trahebatur3
782 2274 850 2317 mox
864 2258 933 2335 quia
947 2256 1053 2336 vulgus
1067 2259 1149 2322 duro

83 2408 86 2412 ,
133 2344 258 2422 imperio
272 2340 413 2422 habitum,
427 2341 536 2421 probra
550 2362 584 2404 ac
598 2342 722 2405 verbera
736 2344 907 2406 intentabat.
930 2352 961 2406 et
974 2354 1060 2408 eraut
1073 2366 1149 2423 con-

95 2446 120 2486 15
134 2441 188 2512 tra,
204 2434 255 2511 qui
269 2438 379 2492 tantam
394 2431 528 2493 fortunae
543 2435 802 2494 commutationem
816 2435 1044 2514 miserarentur;
1058 2454 1149 2501 secu·

133 2530 222 2600 taque
243 2539 312 2582 cum
329 2522 428 2599 parvis
445 2519 548 2581 liberis
566 2523 695 2582 coniunx
713 2530 820 2583 cuncta
837 2521 1045 2584 lamentatione
1064 2543 1149 2588 com·

133 2609 240 2688 plebat.
277 2610 402 2671 diversis
420 2618 450 2671 et
468 2612 612 2671 contectis
631 2610 774 2671 vehiculis
792 2609 956 2692 abduntur,
978 2611 1050 2672 dum
1068 2612 1148 2676 Pha-

133 2699 277 2758 rasmanis
291 2701 371 2758 iussa
386 2701 621 2776 exquirerentur.
648 2698 692 2759 illi
709 2699 817 2778 cupido
836 2701 921 2778 regni
934 2700 1024 2761 fratre
1039 2710 1070 2761 et
1085 2703 1148 2766 tilia

132 2787 231 2864 potior
244 2787 418 2865 animusque
438 2785 602 2847 sceleribus
619 2794 753 2867 paratus3
770 2789 848 2849 visui
866 2796 964 2849 tamen
982 2789 1148 2874 consuluit,

93 2886 119 2926 so
133 2890 170 2933 ne
197 2890 295 2933 coram
319 2875 509 2935 interficeret.
545 2883 576 2935 et
597 2874 797 2956 Radamistus,
820 2879 906 2955 quasi
927 2878 1002 2937 iuris
1025 2879 1147 2943 iurandi

203 3007 248 3075 46,
270 3012 301 3061 1⁷
328 3006 478 3063 omissuros
497 3009 681 3065 Freinsbeim:
709 3009 809 3066 ommis
836 3013 869 3067 in
894 3017 1010 3082 extremo
1035 3018 1144 3087 cusu!

132 3079 179 3146 47,
197 3085 215 3133 4
233 3076 362 3131 sacrificii
379 3080 509 3147 peretum
528 3081 640 3151 Plluqlc:
664 3079 830 3136 sacrificium
852 3081 892 3136 im
913 3084 1021 3137 eratum
1044 3086 1147 3154 (secri-

133 3151 216 3204 fieum
233 3150 364 3220 paratum
381 3149 579 3222 Bezzenberqer
596 3153 655 3208 coll.
674 3155 702 3219 2,
716 3157 755 3208 69
774 3152 882 3208 sacrific
912 3154 936 3208 is
955 3158 1122 3226 apparatus)
1139 3159 1144 3231 Ι

134 3227 150 3275 6
170 3220 306 3276 societate
322 3223 326 3288 Ι
344 3226 358 3275 7
376 3219 573 3290 perstringere,
600 3239 648 3278 ern.
667 3224 699 3277 io
721 3225 761 3278 ed.
781 3224 867 3280 Frob-
883 3225 920 3296 18
939 3241 969 3279 se
992 3226 1056 3281 odd.
1077 3227 1144 3284 Jac.

135 3291 291 3348 Grossoeius
309 3293 349 3362 (se
364 3289 499 3346 effoderet
511 3293 671 3360 Rlcenonus,
690 3294 806 3364 sanguis
820 3296 897 3350 artus
911 3297 980 3350 extr.
995 3293 1147 3354 suffuderit

132 3363 276 3430 Heinsius)
293 3366 329 3431 19
347 3363 500 3417 archanum
527 3365 682 3431 (aeternum
709 3365 814 3435 Haase)
833 3369 840 3437 Ι
861 3373 894 3421 12
912 3366 1074 3435 compedes,
1093 3386 1144 3427 em.

131 3431 248 3501 Impetus
263 3437 268 3503 Ι
285 3441 317 3489 13
336 3450 454 3502 moxque
473 3451 499 3488 v.
518 3437 563 3489 al,
583 3437 666 3503 ot'cs.
690 3434 816 3505 Wdlffls'n
835 3438 935 3492 Philol.
953 3441 1000 3503 23,
1015 3441 1092 3507 1381
1111 3447 1146 3498 14

132 3505 246 3557 econtra
263 3505 290 3573 (e
310 3506 449 3562 contrario
467 3506 556 3562 Baite.
586 3508 635 3552 «ΛΠ
666 3505 695 3544 Π
771 3510 811 3548 ²2⁸
828 3510 833 3548 ¹
848 3513 883 3556 ‘te
901 3506 946 3562 ῆι·
964 3507 1092 3562 iurandi·
