2392 3876
60 149 62 152 ’
117 178 161 244 92
383 209 387 215 -
467 176 636 233 coenatu
653 175 772 232 raom

116 325 278 388 conscribit
295 324 490 406 obsignatque
509 333 539 386 et
556 326 664 386 liberto
683 326 787 407 tradit3
805 334 869 386 tum
889 325 974 387 solita
993 328 1131 388 curando

74 429 101 471 15
115 417 234 494 corpori
247 418 429 494 exsequitur.
457 415 526 476 dein
539 414 661 475 multam
675 421 744 494 post
756 422 888 496 noctem,
907 432 1026 493 egressa
1044 415 1131 478 cubi-

114 504 181 566 culo
199 521 306 584 uxore,
326 506 438 582 operiri
455 503 535 564 sores
553 505 654 581 iussit;
674 510 704 563 et
724 510 828 582 coepta
847 502 913 565 luce
931 503 1068 582 perfosso
1084 507 1130 566 iu-

114 592 195 673 gulo,
210 595 325 653 iacente
338 592 422 652 humi
436 591 545 672 gladio,
560 599 698 670 repertus
713 600 766 652 est.

45 709 70 777 χ
183 678 233 742 16.
251 680 363 741 Audire
376 699 423 741 me
437 682 558 741 memini
572 680 790 741 exsenioribus
806 682 901 740 risum
915 682 1033 759 saepius
1048 684 1132 743 inter

113 787 220 830 manus
233 768 351 829 Pisonis
365 768 512 849 libellum,
532 786 620 848 quem
638 772 703 848 ipse
717 787 777 830 non
791 767 966 851 vulgaverit5
985 769 1037 830 sed
1057 773 1130 831 ami-

38 919 53 939 ,
114 876 166 919 cos
186 860 251 918 eius
270 857 464 938 dictitavisse,
482 857 596 918 litteras
611 857 724 918 Tiberii
737 865 767 918 et
781 858 916 918 mandata
930 860 961 918 in
975 856 1130 920 Germani-

115 964 183 1006 cum
198 948 354 1027 contineri,
367 964 402 1007 ac
415 946 595 1007 destinatum
604 964 741 1025 promere
751 946 829 1025 apud
839 954 939 1025 patres
948 947 1130 1026 principem-

90 1050 174 1114 sque
197 1051 336 1115 arguere,
359 1037 391 1094 ni
414 1034 515 1095 elusus
538 1034 680 1096 aSeiano
698 1053 753 1115 per
771 1053 845 1095 vana
868 1038 1014 1114 promissa
1036 1035 1130 1117 foret,

115 1140 170 1184 nec
184 1121 269 1183 illum
282 1131 388 1201 sponte
402 1126 574 1202 extinctum,
587 1141 692 1184 verum
705 1125 828 1184 inmisso
841 1141 1029 1202 percussore.
1056 1143 1129 1203 quo-

47 1207 69 1251 Υ
115 1229 183 1272 rum
202 1218 343 1272 neutrum
366 1210 612 1273 adseveraverim:
635 1231 732 1291 neque
756 1220 853 1273 tamen
877 1212 1013 1273 occulere
1036 1211 1130 1275 debui

47 1322 76 1383 λ
116 1307 270 1360 narratum
284 1299 320 1360 ab
334 1303 380 1381 iis,
395 1302 587 1379 quinostram
597 1301 793 1362 adinventam
804 1300 995 1361 duraverunt
1020 1300 1131 1362 Caesar

99 1387 192 1449 ¹lieno
206 1391 237 1449 in
251 1391 427 1450 maestitiam
446 1407 498 1450 ore
517 1407 601 1450 suam
620 1390 760 1450 invidiam
778 1389 831 1450 tali
848 1396 944 1450 morte
963 1393 1130 1468 quaesitam

75 1494 102 1532 10
116 1477 195 1556 apud
214 1485 349 1538 senatum
368 1486 549 1554 conquestus
564 1480 606 1538 M.
620 1479 760 1540 Pisom
778 1482 887 1539 vocari
905 1480 986 1538 iubet
1000 1477 1130 1544 crebris·

116 1586 173 1646 que
187 1567 471 1646 interrogationibus
485 1569 629 1647 exquirit,
648 1567 765 1646 qualem
778 1565 847 1626 Piso
861 1566 940 1627 diem
954 1584 1131 1645 supremum

114 1663 292 1735 noctemque
313 1659 469 1734 exegisset
510 1663 598 1734 atque
619 1654 670 1714 illo
690 1655 831 1734 pleraque
852 1657 1014 1735 sapienter,
1039 1674 1130 1734 quae-

115 1744 183 1804 dam
200 1743 399 1805 inconsultius
416 1743 629 1822 respondente,
648 1746 755 1804 recitat
772 1742 925 1805 codicillos
938 1762 955 1804 a
968 1744 1078 1805 Pisone
1098 1747 1130 1805 in

116 1833 196 1892 hunc
210 1833 303 1892 ferme
317 1831 439 1892 modum
449 1834 642 1910 compositos:
657 1827 889 1910 ‘conspiratione
899 1834 1090 1893 inimicorum
1100 1841 1131 1894 et

76 1933 102 1973 aa
115 1919 226 1980 invidia
241 1918 307 1980 lalsi
320 1921 453 1980 criminis
467 1937 637 1999 oppressus,
652 1928 799 1999 quatenus
812 1922 931 1981 veritati
944 1928 975 1981 et
987 1922 1129 1982 innocen·

114 2009 174 2067 tiae
189 2025 271 2067 meae
285 2023 433 2086 nusquam
446 2008 530 2068 locus
549 2016 607 2088 est,
626 2008 698 2070 deos
716 2009 888 2069 inmortales
906 2017 1001 2069 testor
1018 2011 1129 2071 vixisse

116 2112 177 2175 me,
201 2095 321 2176 Caesar,
346 2113 416 2156 cum
438 2095 496 2156 fide
519 2097 677 2158 adversum
695 2107 738 2178 te,
763 2115 861 2176 neque
880 2097 935 2158 alia
953 2099 984 2158 in
1001 2106 1128 2159 matrem

116 2193 197 2245 tuam
212 2186 335 2264 pietate3
353 2202 465 2264 rosque
484 2203 536 2246 oro
555 2185 658 2246 liberis
677 2189 751 2247 meis
770 2186 945 2266 consulatis,
964 2204 1000 2246 ex
1019 2187 1129 2265 quibus

117 2273 168 2333 Cn.
182 2272 252 2333 Piso
267 2271 475 2353 qualicumque
489 2273 626 2335 fortunae
639 2292 722 2335 meae
735 2292 795 2335 non
809 2282 856 2335 est
869 2274 1040 2354 adiunctus,
1059 2294 1130 2336 cum

78 2375 104 2415 ao
119 2379 205 2422 omne
228 2360 286 2421 boc
305 2369 424 2440 tempus
442 2365 474 2422 in
491 2362 568 2423 urbe
586 2365 693 2442 egerit,
712 2362 750 2423 ll.
769 2362 837 2425 Piso
856 2371 992 2442 repetere
1010 2362 1130 2424 Suriam

116 2449 291 2511 dehortatus
314 2458 368 2511 est
404 2459 494 2529 atquc
517 2453 630 2512 aunam
653 2469 707 2531 ego
726 2454 826 2530 potius
844 2451 905 2514 lilio
922 2454 1023 2512 iuveni
1041 2470 1129 2531 wem

115 2538 165 2600 ille
183 2541 262 2619 patri
280 2541 346 2600 seni
364 2541 512 2601 cessisset
540 2558 575 2602 eo
593 2543 748 2620 inpensius
766 2558 888 2621 precor,
905 2558 943 2600 ne
961 2557 1045 2601 meae
1062 2559 1129 2620 pra-

115 2630 215 2688 vitatis
233 2647 344 2707 poenas
362 2630 502 2689 innoxius
516 2628 587 2690 luat„
613 2648 668 2709 per
682 2631 814 2708 quinque
828 2637 859 2690 et
872 2629 1065 2709 quadraginta
1080 2648 1129 2690 an·

116 2734 224 2775 norum
242 2716 432 2798 obsequium,
453 2735 508 2796 per
526 2717 684 2798 collegium
702 2716 874 2779 consulatus
892 2717 1042 2797 quondam
1062 2718 1129 2778 diro

77 2804 251 2882 salagasto
268 2809 386 2883 parenti
404 2814 456 2867 tuo
475 2805 618 2885 probatus
636 2814 667 2867 et
685 2806 741 2867 ubi
759 2809 873 2868 amicus
890 2824 947 2867 nec
970 2808 1130 2885 quicquam

115 2900 184 2971 post
202 2891 276 2953 baec
294 2903 453 2972 rogaturus
472 2894 598 2956 salutem
611 2894 739 2956 infelicis
753 2894 806 2959 lilii
819 2889 912 2974 rogo?
940 2894 978 2956 de
990 2894 1130 2956 Plancina

115 2980 191 3040 nibil
205 2981 326 3042 addidit.

185 3067 234 3130 17.
248 3067 321 3130 Post
334 3087 410 3148 quae
423 3070 563 3132 Tiberias
576 3070 797 3134 adulescentem
810 3073 937 3133 crimine
951 3071 1047 3133 civilis
1059 3071 1131 3132 bebi

116 3160 266 3239 purgarit,
286 3161 379 3237 patris
398 3162 508 3239 quippe
527 3161 608 3220 iussa
625 3179 681 3222 nec
700 3163 833 3239 potuisse
846 3159 940 3222 lilium
953 3160 1131 3241 detrectare,

117 3247 206 3308 simul
223 3246 408 3309 nobilitatem
426 3247 544 3328 domus,
564 3251 653 3309 etiam
671 3251 767 3329 ipsius
786 3266 905 3329 quoquo
923 3249 1011 3310 modo
1030 3251 1132 3310 meriti

189 3452 234 3519 lo,
253 3460 286 3508 10
306 3453 475 3522 conquestus
488 3482 522 3493 -
532 3451 613 3507 iubet
630 3454 813 3525 suppleoioran
831 3454 1081 3512 Weissenborniatm
1093 3470 1132 3511 aa·

116 3524 183 3591 cett,
201 3525 251 3592 qco'
268 3531 358 3580 molen
377 3527 459 3582 mom
477 3522 508 3579 in
527 3527 657 3579 sanetum
670 3531 736 3597 post
753 3523 834 3580 iubet
851 3526 969 3583 addidit
