2392 3876
272 189 320 243 aa
341 188 501 245 excusso
519 189 679 271 anonam
696 152 742 244 r'n.
762 196 858 246 o-n.
1004 190 1070 256 203

60 341 214 399 minitante
229 337 376 400 cohibitus
390 338 476 399 toret.
504 345 592 416 atque
606 340 726 400 interim
736 339 876 400 Gotarzes
889 341 1069 418 paenitentia

61 429 195 488 concessi
208 429 293 505 regni
307 434 337 488 et
350 434 472 488 vocante
491 427 656 507 nobilitate,
675 429 725 489 eui
742 430 774 488 in
792 445 865 506 pace
884 428 989 489 durius
1009 446 1070 489 ser-

61 518 165 576 vitium
179 522 237 596 est,
256 515 404 576 contrahit
423 517 531 593 copias.
559 523 590 576 et
607 515 677 577 huic
696 519 888 577 contraitum
903 516 939 576 ad
954 534 1070 577 amnem
1084 531 1096 571 a

61 603 206 684 Erinden3
224 606 255 664 in
275 605 360 665 onius
379 610 567 682 transgressu
586 603 713 664 multum
731 611 844 665 certato
861 606 988 683 pervicit
1001 604 1070 665 Var-

61 692 165 772 danes,
184 694 396 771 prosperisque
415 691 535 770 procliis
553 692 665 753 medias
685 694 819 754 nationes
834 692 952 771 subegit
966 692 1002 753 ad
1016 692 1070 753 llu-

60 799 127 841 men
148 781 274 861 Sinden,
298 781 377 860 quod
396 779 491 840 Dahas
509 781 655 859 Ariosque
674 780 868 842 disterminat.
905 780 947 841 ibi
965 781 1071 843 modus

61 869 151 930 rebus
170 869 309 930 secundis
327 870 455 947 positus:
474 886 540 929 nam
555 867 657 929 Parthi
675 886 853 948 quamquam
867 871 995 930 victores
1008 869 1070 930 lon-

61 960 201 1036 ginquam
209 956 342 1017 militiam
350 955 592 1035 aspernabantur.
606 959 698 1036 igitur
705 960 865 1019 exstructis
873 959 1071 1038 monimentis,
1086 975 1112 1014 m

61 1045 171 1124 quibus
189 1063 261 1124 opes
280 1062 349 1106 snas
367 1043 532 1106 testabatur
549 1062 605 1106 nec
624 1047 763 1124 cuiquam
782 1052 849 1107 ante
864 1047 1071 1108 Arsacidarum

61 1135 172 1195 tributa
186 1133 245 1194 illis
259 1133 295 1194 de
310 1133 449 1212 gentibus
462 1141 546 1212 parta
550 1180 560 1213 ,
575 1133 743 1212 regreditur
757 1136 787 1194 in
809 1152 862 1195 ens
876 1134 968 1213 gloria
983 1143 1071 1215 atque

61 1242 96 1284 eo
112 1223 240 1284 ferocior
254 1229 284 1282 et
298 1221 440 1283 subiectis
454 1221 673 1303 intolerantior3
688 1224 740 1302 qui
753 1151 820 1283 aab
835 1230 902 1284 ante
917 1226 1071 1302 conposito

62 1315 214 1372 incautum
227 1313 434 1389 venationique
448 1312 596 1370 intentum
605 1311 792 1391 interfecere,
807 1313 931 1390 primam
941 1314 1018 1373 intra
1028 1315 1072 1372 in-

61 1407 187 1480 ventam,
202 1399 254 1461 sed
268 1398 443 1460 claritudine
457 1416 568 1477 paucos
581 1400 660 1459 inter
670 1416 776 1460 senum
785 1417 897 1480 regum,
913 1401 938 1460 si
947 1400 1071 1478 perinde
1086 1416 1111 1455 15

63 1505 193 1549 amorem
211 1489 290 1548 inter
308 1485 466 1565 populares
486 1505 574 1566 quam
596 1493 709 1548 metum
732 1487 809 1566 apud
833 1486 934 1549 hostes
957 1489 1072 1567 quaesi·

62 1580 162 1638 visset.
183 1593 256 1636 nece
262 1573 404 1635 Vardanis
417 1574 552 1637 turbatae
561 1574 740 1636 Parthorum
754 1593 803 1636 res
817 1578 896 1637 inter
910 1574 1072 1657 ambiguos,

62 1668 131 1744 quis
150 1666 181 1725 in
199 1681 325 1742 regnum
343 1665 536 1741 acciperetur.
564 1663 650 1725 multi
669 1665 706 1725 ad
719 1663 865 1726 Gotarzen
883 1664 1072 1746 inclinabant,

63 1753 183 1832 quidam
197 1751 233 1811 ad
243 1750 432 1812 Meherdaten
446 1751 561 1830 prolem
570 1751 713 1833 Phraatis,
728 1753 844 1815 obsidio
858 1753 943 1814 nobis
958 1753 1072 1815 datum:

65 1842 133 1901 dein
152 1839 315 1919 praevaluit
302 1839 480 1900 t.Gotarzes
515 1859 552 1920 po
554 1842 687 1920 titusque
706 1843 830 1922 regiam,
848 1860 904 1920 per
922 1844 1073 1902 saevitiam
1087 1859 1112 1898 20

64 1949 97 1990 ac
112 1928 214 1990 lurum
232 1928 330 2007 adegit
343 1927 468 1989 Parthos
483 1930 601 1990 mittere
616 1929 651 1991 ad
666 1931 833 2008 principem
847 1930 1011 1992 Romanurn
1026 1949 1073 1992 oc-

64 2018 158 2080 cultas
172 2036 285 2100 preces,
300 2019 368 2096 quis
381 2019 515 2096 permitti
524 2016 714 2111 Meherdaten
730 2021 859 2097 patrium
872 2019 909 2079 ad
923 2019 1074 2098 fastigium

64 2107 195 2168 orabant.

132 2195 181 2256 11.
196 2195 293 2256 Isdem
307 2195 479 2257 consulibus
493 2196 556 2257 ludi
571 2196 737 2258 saeculares
752 2199 996 2276 octingentesimo
1006 2205 1074 2276 post

63 2287 186 2346 Romam
200 2284 357 2366 conditam,
372 2292 477 2363 quarto
488 2293 517 2345 et
527 2287 738 2366 sexagensimo,
754 2304 843 2364 quam
852 2285 1003 2364 Augustus
1013 2286 1073 2346 edi·

65 2376 156 2455 derat,
167 2375 292 2452 spectati
302 2380 380 2434 sunt.
400 2374 558 2452 utriusque
567 2375 712 2452 principis
721 2375 852 2434 rationes
860 2376 1073 2454 praetermitto,

65 2465 137 2524 satis
157 2468 290 2524 narratas
309 2459 406 2541 libris,
426 2461 536 2540 quibus
554 2479 603 2522 res
623 2464 810 2540 imperatoris
823 2460 981 2523 Domitiani
995 2480 1074 2522 com·

64 2554 159 2630 posui.
182 2569 250 2611 nam
263 2552 290 2610 is
304 2567 423 2628 qrnoque
437 2549 530 2610 edidit
542 2549 628 2610 ludos
642 2549 809 2611 saeculares
823 2551 919 2627 iisqne
929 2551 1073 2610 intentius
1087 2563 1100 2603 a

65 2641 146 2700 adlui
165 2639 329 2700 sacerdotio
350 2637 605 2716 quindecimvirali
623 2637 830 2723 praeditusoac
853 2644 925 2698 tunc
946 2646 1074 2718 praetor,

65 2728 144 2807 quod
159 2745 218 2788 nou
232 2728 371 2788 iactantia
385 2725 495 2807 reiero,
515 2726 566 2786 sed
587 2729 655 2805 quia
670 2725 794 2804 collegio
808 2725 1075 2805 quindecimvirum

64 2818 229 2895 antiquitus
244 2834 278 2876 ea
292 2832 364 2876 eura
378 2822 408 2876 et
421 2816 611 2894 magistratus
630 2816 818 2893 potissimum
836 2815 1075 2894 exsequebantur

65 2905 162 2965 olfieia
173 2905 426 2965 caerimoniarum
448 2904 570 2965 sedente
578 2903 699 2964 Claudio
710 2904 895 2965 circensibus
904 2903 991 2985 ludis,
1005 2923 1074 2965 cum

64 2995 152 3071 pueri
166 2991 280 3053 nobiles
294 2994 378 3070 equis
392 2991 541 3053 ludicrum
555 2992 660 3053 Troiae
673 2994 785 3054 inirent
798 2994 935 3072 interque
949 3011 1000 3053 eos
1011 2992 1074 3053 Bri·
1090 3008 1115 3046 ιο

65 3084 202 3143 tannicus
216 3083 395 3158 imperatore
408 3083 526 3158 genitus
541 3091 571 3141 et
584 3081 616 3141 L.
631 3080 776 3142 Domitius
790 3081 947 3160 adoptione
962 3099 1029 3141 mor
1044 3083 1075 3142 in

65 3172 215 3250 inperium
239 3175 270 3229 et
295 3175 523 3246 cognomentum
549 3169 675 3231 Neronis
701 3170 845 3250 adscitus,
874 3169 955 3230 lavor
979 3169 1075 3248 plebis

136 3323 182 3391 10,
202 3329 219 3377 6
236 3319 314 3392 burc]
335 3319 421 3387 hine!
438 3328 454 3376 6
473 3318 644 3376 Charindam
658 3321 686 3376 R
686 3323 781 3393 ychaue
799 3322 858 3377 coll.
874 3321 986 3378 Ptolem
1006 3326 1032 3388 6
1045 3325 1075 3389 2

65 3394 213 3449 PetAmm.
221 3391 310 3447 More
317 3395 364 3460 23,
375 3392 460 3462 6,401
475 3339 705 3460 lomunimentis,
719 3409 766 3448 em
775 3391 815 3446 Li
833 3394 891 3447 eiua
906 3394 911 3461 1
928 3398 961 3446 12
975 3363 1076 3461 per'ete

68 3462 202 3534 llbinter
216 3478 402 3531 senmregum
417 3467 421 3531 1
439 3467 470 3516 17
486 3477 535 3516 rex
550 3463 555 3531 1
573 3468 605 3517 18
618 3478 715 3532 regno,
733 3480 781 3518 em
796 3410 912 3533 lame
927 3465 932 3533 1
948 3469 983 3518 20
1000 3462 1076 3532 posi·

65 3537 167 3603 iusque
184 3539 188 3605 1
204 3533 283 3602 regio
301 3535 337 3589 al.
357 3548 448 3588 rerum
467 3533 607 3588 Prommer
623 3536 627 3603 1
645 3534 689 3601 ll,
710 3532 844 3601 thisque
860 3537 864 3604 1
881 3540 897 3590 6
916 3532 997 3588 affuit

10 3774 214 3829 Q:
