2392 3876
110 144 177 209 344
263 169 266 175 ·
459 140 631 197 CORNELII
648 139 766 197 unctui

111 308 229 371 quoque
244 288 374 350 corrsulis
385 307 453 351 acre
463 291 615 369 ingenium
625 291 762 350 vitavisse
772 289 911 351 Pisonem
921 292 1139 376 crediderunt,

71 393 97 435 15
110 398 147 441 ne
171 378 207 438 ad
230 377 396 439 libertatem
416 374 565 458 orerelur,
589 377 634 438 vel
658 377 771 438 delecto
795 380 976 457 imperatore
1004 381 1067 443 alio
1088 386 1139 445 sni

111 469 243 530 muneris
262 484 325 527 rem
343 465 491 546 publicam
510 466 628 527 laceret.
661 468 771 527 etenim
788 475 895 546 expers
908 470 1138 534 coniurationis

111 565 187 637 erat,
211 558 343 636 quamvis
367 573 515 634 supereo
539 555 663 615 crimine
686 554 764 615 Nero
788 562 873 616 vetus
896 556 1062 620 adversum
1088 564 1136 622 in·

111 653 225 707 sontem
245 646 344 705 odium
366 642 535 722 expleverit

178 731 229 794 53.
249 732 379 792 Tandem
395 738 526 791 statuero
540 732 719 791 circensium
733 731 871 793 ludorum
886 732 943 814 die,
958 736 1014 813 qui
1023 734 1134 798 Cereri

111 821 287 900 celebratur,
306 821 429 899 exsequi
443 818 600 898 destinata,
620 821 689 898 quia
703 818 811 881 Caesar
828 838 914 882 rarus
933 839 1064 899 egressu
1079 826 1132 886 do·

111 928 218 988 moquc
241 916 292 969 aut
313 907 408 968 hortis
428 906 547 968 clausus
565 907 601 967 ad
620 906 734 968 ludicra
752 911 826 971 circi
844 908 1131 991 ventitabat‘prom-

110 1001 282 1078 prioresque
299 996 396 1056 aditus
415 1003 500 1056 erant
517 996 627 1056 laetitia
646 995 815 1074 spectaculi.
853 998 988 1058 ordinem
1008 1002 1132 1063 insidiis

84 1090 352 1164 sconaposucrant,
376 1091 410 1144 ut
428 1084 606 1164 Lateranus,
631 1087 716 1162 quasi
734 1084 899 1147 subsidium
918 1088 963 1147 rei
985 1088 1131 1152 familiari

111 1181 218 1254 oraret,
233 1171 479 1250 deprecabundus
494 1181 524 1234 et
538 1172 662 1253 genibus
676 1175 820 1252 principis
834 1175 972 1235 accidens
990 1185 1130 1254 proster-

111 1269 196 1323 neret
219 1263 371 1322 incautum
394 1271 615 1341 premeretqne,
643 1263 733 1323 animi
755 1261 868 1323 validus
887 1270 917 1323 et
934 1281 1064 1342 corpore
1084 1269 1129 1329 in⁶

111 1368 192 1431 gens.
220 1358 284 1411 tum
302 1351 447 1412 iacentem
465 1358 496 1412 et
513 1348 688 1428 impeditum
706 1350 820 1411 tribuni
838 1358 868 1413 et
886 1354 1081 1415 centuriones
1098 1363 1130 1417 et

112 1448 292 1519 ceterorum,
307 1447 341 1500 ut
356 1441 482 1518 quisque
496 1439 651 1499 audentiae
665 1436 832 1519 habuisset,
850 1439 1047 1502 adcurrerent
1061 1451 1129 1504 tru-

72 1541 98 1581 10
112 1529 318 1607 cidarcntque,
339 1531 449 1605 primas
471 1526 529 1587 sibi
546 1533 646 1606 partes
665 1527 870 1606 expostulante
891 1528 1047 1610 Scaevino,
1073 1535 1130 1612 qui

111 1619 269 1698 pugionem
292 1615 402 1694 templo
426 1615 535 1677 Salutis
559 1618 633 1695 sive,
663 1622 696 1676 ut
719 1614 769 1675 alii
787 1617 949 1696 tradidere,
971 1616 1128 1682 Fortunae

111 1706 271 1767 Ferentino
297 1706 328 1764 in
357 1704 464 1783 oppido
492 1705 660 1765 detraxerat
687 1703 879 1785 gestabatque
906 1704 986 1766 velut
1014 1725 1126 1786 magno

111 1797 195 1874 operi
209 1811 335 1854 sacrum.
367 1793 487 1853 iuterim
501 1792 569 1853 Piso
584 1792 661 1871 apud
676 1792 778 1852 aedem
793 1792 910 1855 Cereris
924 1796 1129 1878 opperiretur,

112 1883 190 1944 unde
214 1900 281 1942 eum
304 1880 472 1959 praelectus
493 1880 621 1942 Faenius
645 1888 675 1941 et
698 1883 791 1942 ceteri
813 1884 941 1942 accitum
959 1882 1073 1944 lerrent
1093 1887 1127 1945 in

72 1983 97 2025 rs
112 1980 221 2051 castra,
245 1973 402 2031 comitante
417 1969 555 2049 Antonia,
579 1968 693 2029 Claudii
707 1968 840 2030 Caesaris
859 1970 931 2050 filia,
950 1970 986 2032 ad
1002 1970 1126 2034 elicien-

112 2060 181 2120 dum
197 2058 275 2136 vulgi
296 2057 438 2136 savorem,
457 2057 535 2135 quod
551 2056 581 2116 C.
595 2056 708 2117 Plinius
721 2065 873 2118 memorat.
901 2057 987 2119 uobis
1001 2077 1125 2139 quoquo

110 2146 198 2208 modo
217 2145 358 2205 traditum
377 2162 437 2203 uon
456 2143 605 2204 occultare
619 2146 650 2204 in
665 2146 761 2204 animo
779 2146 847 2225 luit,
867 2148 1000 2226 quamvis
1019 2147 1125 2209 absur-

111 2235 181 2295 dum
200 2233 352 2293 videretur
370 2239 421 2292 aut
439 2233 557 2292 inanem
575 2232 610 2292 ad
628 2250 712 2310 spem
725 2232 882 2295 Antoniam
896 2252 1004 2296 nomen
1023 2244 1054 2297 et
1072 2256 1124 2314 pe-

111 2321 237 2383 riculum
253 2320 492 2400 commodavisse,
509 2329 560 2381 aut
573 2319 709 2382 Pisonem
724 2329 827 2383 notum
841 2341 941 2384 amore
957 2326 1058 2384 uxoris
1073 2325 1126 2386 alii

70 2424 98 2466 ro
111 2412 298 2472 matrimonio
313 2427 345 2471 sc
359 2409 568 2491 obstrinxisse,
587 2411 643 2471 nisi
659 2411 685 2470 si
699 2410 806 2489 cupido
822 2411 992 2472 dominandi
1005 2416 1126 2475 cunctis

109 2499 276 2563 adfectibus
290 2499 461 2578 llagrantior
475 2507 528 2561 est.

178 2587 229 2650 54.
254 2589 311 2648 Sed
330 2590 439 2649 mirum
459 2606 547 2667 qnam
565 2590 643 2649 inter
662 2587 771 2648 diversi
789 2590 907 2666 generis
926 2588 1052 2670 ordinis,
1075 2608 1125 2652 ae-

111 2679 181 2737 tatis
200 2695 296 2757 sexus,
316 2677 394 2737 dites
407 2694 553 2755 pauperes
567 2677 770 2737 taciturnitate
789 2679 886 2737 omnia
906 2676 1034 2745 cohibita
1053 2680 1125 2762 sint,

112 2765 205 2825 donec
224 2765 353 2842 proditio
376 2767 474 2843 coepit
492 2784 509 2824 e
528 2764 614 2825 domo
639 2763 785 2845 Scaevini3
809 2767 861 2844 qui
883 2765 979 2843 pridie
1002 2767 1124 2827 insidia-

111 2870 178 2912 rum
192 2850 284 2911 multo
300 2869 436 2912 sermone
451 2871 518 2912 cum
533 2852 660 2913 Antonio
673 2851 789 2933 Natale,
810 2853 880 2913 dein
898 2871 1053 2933 regressus
1072 2855 1124 2915 do·

84 2954 192 3001 smum
211 2947 421 3000 testamentum
440 2939 617 3020 obsignavit,
640 2950 811 3021 promptum
833 2944 937 3020 vagina
954 2944 1125 3024 pugionem,

112 3029 221 3108 dequo
239 3045 328 3107 supra
346 3027 460 3107 rettuli,
480 3035 625 3089 vetustate
644 3027 784 3089 obtusum
802 3031 972 3112 increpans,
991 3034 1124 3110 asperari

181 3196 227 3266 52,
248 3204 280 3253 15
298 3197 433 3251 libertate
451 3199 614 3263 moreretur,
633 3215 680 3252 cm.
695 3197 816 3254 Pt'cbcoa
831 3200 837 3269 Ι
852 3199 897 3266 53,
912 3205 928 3253 2
946 3198 1125 3255 celebrentur

110 3269 244 3342 Agricola
259 3273 264 3340 Ι
280 3275 296 3323 6
311 3269 456 3336 accedens,
470 3284 518 3324 am.
530 3268 681 3324 Rbeouaroo
696 3270 701 3338 l
717 3266 906 3324 taudienbise
922 3269 928 3338 Ι
945 3274 978 3323 to
992 3273 1123 3338 expostu-

110 3338 203 3406 lanitii
222 3347 253 3395 11
274 3339 380 3394 Salutis
399 3339 525 3394 Ernesti:
554 3337 654 3394 solutis
677 3339 707 3393 in
730 3338 831 3394 etruria
872 3337 932 3393 duc
958 3337 1043 3393 utilia
1060 3343 1095 3397 br.
1116 3342 1120 3414 Ι

111 3416 145 3465 12
164 3409 314 3465 Ferentino
334 3410 489 3466 Cidamus:
513 3408 642 3464 frendeno
658 3413 663 3479 Ι
680 3417 713 3465 13
732 3410 824 3480 operis
870 3425 900 3456 a·
934 3409 1051 3466 ¹'ieiuno
1067 3413 1071 3480 1
1090 3418 1123 3466 ts

109 3480 222 3535 inanem
241 3481 379 3537 adicem:
397 3478 481 3536 inane
500 3481 550 3534 out
564 3485 569 3550 Ι
585 3480 630 3549 54,
651 3487 666 3524 s
685 3495 820 3531 aarum*
