2408 3870
109 205 175 269 370
458 201 629 257 CORNELII
646 202 765 257 dacin

108 353 223 431 equites
234 350 358 410 Romani
367 350 402 410 ad
413 353 568 429 segnitiam
583 358 785 412 verterentur:
799 355 910 414 etenim
925 357 1001 434 quid
1018 362 1132 422 mirum

109 459 124 500 c
138 439 309 519 longinquis
322 441 484 517 provinciis
498 438 575 500 haud
591 441 695 520 veniri,
709 457 778 500 cum
791 439 927 520 plerique
942 445 1052 524 adepti
1062 469 1132 511 con·

69 543 94 582 10
109 529 237 589 sulatum
251 536 281 588 ct
296 529 459 589 sacerdotia
474 527 628 587 hortorum
642 530 742 606 potius
753 531 921 591 amoenitati
932 533 1131 599 inservirent.

109 618 186 696 quod
203 616 283 678 velut
297 616 388 677 telum
402 618 576 694 corripuere
590 624 787 679 accusatores.

175 702 226 767 28.
245 704 284 765 Et
302 707 420 766 initium
439 703 564 765 iaciente
583 703 772 786 Cossutiano,
789 708 901 768 maiore
920 710 950 768 ri
963 708 1131 774 Marcellus

109 812 252 855 summam
267 812 330 855 rem
340 792 488 873 publicam
499 795 546 871 agi
555 791 737 876 clamitabat3
751 797 935 857 coutumacia
944 797 1130 863 inferiorum

109 882 259 944 lenitatem
273 883 471 960 imperitantis
486 881 625 942 deminui.
653 883 778 944 nimium
796 885 883 944 mites
901 883 937 944 ad
958 901 1028 947 eam
1048 889 1129 949 diem

108 978 221 1052 patres,
240 973 292 1051 qui
311 970 470 1031 Thraseam
489 970 718 1052 desciscentem,
737 973 789 1051 qui
807 989 950 1050 generum
968 974 1041 1035 eius
1059 976 1129 1038 Hel-

82 1074 94 1110 s
110 1059 220 1118 vidium
234 1058 370 1120 Priscum
389 1061 420 1119 in
439 1059 534 1120 isdem
551 1058 716 1141 furoribus,
734 1059 823 1121 simul
841 1059 1003 1121 Paconium
1019 1063 1130 1144 Agrip·

107 1150 220 1226 pinum,
235 1150 352 1224 paterni
365 1149 396 1209 in
409 1149 561 1227 principes
575 1147 637 1208 odii
650 1147 799 1229 heredem,
814 1156 844 1209 et
858 1147 994 1210 Curtium
1010 1149 1129 1214 hlonta-

108 1252 180 1295 num
195 1235 368 1296 dctestanda
382 1238 512 1296 carmina
527 1234 710 1297 factitantem
724 1235 846 1297 eludere
855 1239 968 1316 inpune
978 1239 1129 1302 sinerent.

107 1326 262 1402 requirere
281 1342 313 1384 se
330 1327 362 1385 in
382 1331 486 1385 senatu
505 1323 705 1405 consularem,
725 1326 756 1384 in
776 1326 853 1386 rotis
871 1325 1076 1409 sacerdotem,
1096 1333 1130 1391 in

107 1415 172 1473 iure
186 1413 310 1489 iurando
325 1414 429 1492 civem,
442 1414 501 1473 nisi
515 1419 618 1473 contra
631 1413 768 1473 instituta
782 1420 813 1473 et
826 1414 1024 1476 caerimonias
1033 1421 1130 1479 maio-

69 1516 93 1553 10
109 1519 175 1561 rum
202 1501 384 1579 proditorem
412 1499 507 1579 palam
530 1508 560 1560 et
582 1499 698 1561 hostem
721 1499 852 1562 Thrasea
873 1501 1032 1565 induisset
1076 1506 1129 1568 de·

108 1592 197 1668 nique
221 1608 308 1668 agere
332 1597 499 1650 senatorem
517 1597 548 1649 et
566 1591 710 1668 principis
729 1588 944 1651 obtrectatores
961 1599 1128 1672 protegere

108 1678 212 1739 solitus
227 1680 355 1758 veniret,
370 1685 519 1754 censeret,
534 1677 605 1757 quid
621 1679 732 1756 corrigi
745 1685 797 1740 aut
810 1681 919 1740 mutari
932 1677 1038 1742 vellet:
1053 1681 1128 1743 faci·

106 1767 164 1828 lius
174 1767 340 1844 perlaturos
351 1766 466 1845 singula
475 1768 658 1845 increpantis
666 1784 769 1827 rocem
780 1785 867 1846 quam
876 1785 958 1829 nune
967 1767 1128 1832 silentium

107 1855 275 1932 perferrent
288 1858 386 1915 omnia
401 1855 575 1916 damnantis.
599 1872 702 1933 pacem
716 1854 761 1916 illi
773 1873 829 1935 per
843 1855 946 1918 orbern
959 1863 1072 1938 terrae,
1088 1878 1128 1920 au

68 1960 92 1998 15
107 1946 245 2005 victorias
268 1946 332 2004 sine
356 1944 462 2005 damno
485 1945 671 2006 exercituum
694 1941 873 2023 disphcere?
908 1962 946 2005 ue
969 1944 1127 2008 homiuem

107 2032 193 2092 honis
211 2031 339 2110 puhlicis
358 2039 518 2114 maestum,
536 2040 567 2093 et
585 2034 638 2111 qui
651 2031 714 2093 lora
728 2032 845 2105 theatra
858 2032 968 2112 templa
980 2050 1040 2112 pro
1054 2035 1127 2096 soli·

106 2121 209 2182 tudine
223 2120 354 2200 haberet,
369 2123 421 2199 qui
430 2122 618 2181 minitaretur
627 2120 748 2182 exilium
758 2139 855 2203 suum,
869 2120 1043 2182 ambitionis
1057 2141 1127 2202 pra·

106 2226 158 2268 vae
177 2217 344 2287 compotem
367 2208 507 2269 lacerent
544 2225 603 2269 nou
621 2208 666 2270 illi
686 2209 822 2272 consulta
842 2209 928 2291 haec,
948 2227 1011 2270 non
1032 2214 1126 2290 magi·

107 2304 217 2358 stratus
232 2305 283 2358 aut
297 2297 457 2357 Romanam
470 2295 575 2358 urbem
594 2298 697 2359 rideri.
724 2297 917 2378 abrumperet
928 2299 1021 2360 vitam
1037 2298 1075 2360 ab
1091 2318 1127 2360 ea

67 2401 92 2440 20
107 2388 238 2466 civitate,
253 2388 339 2447 cuius
353 2386 506 2447 caritatem
520 2385 605 2468 obm,
619 2404 700 2448 nuno
714 2394 745 2449 et
759 2393 911 2466 aspectum
924 2386 1070 2448 exuisset.

173 2472 225 2535 29.
244 2473 318 2536 Cum
337 2492 392 2552 per
410 2473 482 2536 haec
502 2482 590 2554 atque
609 2474 679 2536 talia
696 2473 867 2557 Marcellus,
883 2481 919 2537 ut
938 2481 1005 2536 erat
1018 2482 1125 2538 torvus

106 2582 140 2625 ac
158 2566 270 2643 minax,
290 2579 362 2623 voce
380 2561 461 2624 roltu
480 2563 575 2624 oculis
594 2563 776 2644 ardesceret,
794 2580 856 2625 non
872 2561 923 2624 llla
940 2569 1011 2624 nota
1031 2572 1064 2625 et
1077 2583 1125 2625 ce·

106 2651 242 2713 lebritate
256 2650 459 2730 periculorum
474 2657 558 2712 aucta
572 2653 630 2710 iam
644 2658 765 2712 senatus
778 2653 938 2730 maestitia,
957 2651 1011 2711 sed
1027 2669 1124 2714 novus

107 2748 136 2801 et
147 2740 233 2800 altior
241 2757 333 2818 pavor
342 2756 447 2799 manus
458 2745 488 2799 et
496 2737 554 2799 tela
563 2738 692 2800 militum
701 2739 901 2801 cernentibus.
925 2738 1124 2820 simulipsius

79 2828 254 2889 sl’hraseae
268 2826 446 2888 venerabilis
460 2828 576 2906 specics
590 2825 816 2909 obversabatur3
834 2834 865 2889 et
883 2833 968 2888 erant
987 2830 1043 2906 qui
1055 2827 1124 2890 Hel-

106 2915 217 2978 vidium
232 2934 350 2997 quoque
364 2918 592 2997 miserarentur,
609 2916 747 2977 innoxiae
766 2916 927 2977 adfinitatis
943 2932 1059 2994 poenas
1074 2917 1123 2978 da·

107 3016 216 3068 turum.
240 3005 312 3084 quid
321 3005 484 3083 Agrippino
492 3003 642 3065 obiectum
651 3006 709 3065 nisi
719 3005 836 3065 tristem
845 3005 939 3083 patris
949 3000 1123 3067 fortunam?

108 3094 223 3175 quando
244 3101 274 3154 ct
291 3092 340 3153 isse
358 3093 481 3172 perinde
501 3095 644 3163 innocens
658 3091 771 3154 Tiberii
790 3094 910 3154 saevitia
929 3093 1122 3160 concidisset.

178 3264 251 3331 228
266 3264 411 3318 uterentur
426 3265 491 3332 (pro
504 3264 660 3333 niterentur)
677 3265 681 3331 Ι
698 3269 713 3318 9
727 3261 806 3317 haud
818 3260 946 3331 Lipas'em
960 3259 1022 3316 hed
1036 3261 1124 3331 (haud

107 3334 235 3392 adveniri
253 3336 410 3404 Acidaliae)
428 3333 494 3402 128,
514 3339 530 3388 5
548 3333 710 3403 ragonium,
728 3350 775 3388 em.
794 3332 946 3388 Rhenanus
963 3346 999 3385 etc
1017 3349 1041 3388 c.
1061 3337 1099 3390 33
1118 3332 1123 3405 1

110 3416 141 3463 11
162 3407 258 3476 ageret
273 3406 392 3475 Madvig
408 3407 412 3472 Ι
430 3410 463 3459 13
477 3403 766 3474 increpantis‘vocem
784 3402 914 3472 Madvig:
932 3398 1126 3472 inor-epatium

108 3477 312 3605 &crepantem
329 3475 461 3546 1111129,
482 3482 496 3528 1
516 3475 549 3527 ut
567 3477 628 3528 erat
648 3475 782 3530 Pictos-na:
805 3474 898 3529 uteret
912 3473 949 3542 lt
969 3473 1126 3540 crebritate

136 3551 259 3604 benacus
