2392 3876
108 156 174 220 216
459 153 628 210 CORNELII
645 154 763 210 TAClTl

108 312 201 366 retur.
229 312 260 365 et
273 307 330 365 iam
346 311 408 364 crat
423 306 455 364 in
469 312 590 383 aspectu
600 301 754 365 Messalina
765 304 991 384 clamitabatque
1004 307 1134 370 audiret

109 394 247 455 Octaviae
270 401 300 454 et
320 392 483 453 Britannici
505 401 643 474 matrem,
667 412 735 455 cum
759 393 933 473 obstiepere
955 405 1131 477 accusator,

70 497 96 536 ιο
111 483 216 544 Silium
230 489 260 543 et
273 484 392 561 nuptias
406 481 553 562 celerans3
567 481 655 542 sirnul
669 481 820 544 codicillos
834 482 992 543 libidinum
1006 485 1131 546 indices

109 572 239 651 tradidit,
254 573 321 650 quis
335 573 417 630 visus
426 569 559 630 Caesaris
573 577 728 631 auerteret.
756 588 811 632 nee
830 570 926 632 multo*
937 579 1006 650 post
1015 573 1131 634 urbem

110 661 289 740 ingredienti
302 658 504 720 offerebantur
511 677 686 719 communes*
696 658 792 741 liberi,
806 661 864 720 nisi
873 659 1031 721 Narcissus
1043 681 1129 723 arno

109 752 174 810 veri
192 767 243 809 eos
261 750 405 815 iussisset.
437 745 582 807 Vibidiam
600 746 747 825 depellere
766 750 911 829 nequiuit,
935 752 1009 828 quin*
1029 751 1129 812 multa

111 857 179 901 curn
197 837 305 897 invidia
324 835 481 914 flagitaret,
500 852 537 896 ne
556 835 709 896 indefensa
729 839 857 898 coniunx
877 839 966 898 enitio
989 838 1129 902 daretur.

70 930 201 1006 origitur
219 925 390 985 auditurum
406 925 571 1002 principem
586 932 616 984 et
629 924 693 985 lore
707 925 840 987 diluendi
853 928 986 987 criminis
1001 927 1129 989 laculte

110 1024 170 1077 tem
184 1013 349 1091 respondit:
363 1014 421 1072 iret
435 1014 554 1072 iuterim
568 1015 650 1092 virgo
666 1021 696 1074 et
709 1031 793 1074 sacra
807 1022 983 1094 capesseret.

177 1099 228 1163 35.
250 1101 358 1160 Mirum
376 1103 455 1161 inter
473 1101 546 1162 baec
565 1101 716 1163 silentium
731 1102 846 1183 blaudi,
865 1103 999 1164 Vitellius
1017 1107 1128 1183 ignaro

110 1193 245 1271 propior:
260 1191 357 1250 omnia
370 1188 477 1250 liberto
488 1189 691 1251 oboediebant.
719 1192 983 1270 patelieridomum
993 1193 1128 1256 adulteri

31 1296 32 1299 ’
111 1289 199 1359 atque
214 1278 284 1339 illuc
298 1278 406 1340 deduci
424 1281 631 1357 imperatorem
650 1279 741 1341 iubet.
779 1299 812 1342 ac
835 1283 969 1359 primurn
983 1283 1015 1341 in
1033 1286 1129 1344 resti·

110 1369 181 1430 bulo
200 1368 327 1446 effigiem
345 1369 439 1446 patris
459 1367 523 1428 Silii
542 1367 676 1429 consulto
698 1376 819 1430 senatus
841 1368 979 1430 abolitarn
1001 1369 1128 1432 demon-

84 1472 97 1512 ὁ
112 1465 199 1538 strat,
218 1465 281 1518 tum
301 1456 445 1535 quidquid
464 1458 579 1517 avitum·
593 1456 765 1518 Neronibus
780 1465 810 1518 ct
823 1457 927 1518 Drusis
942 1460 972 1517 in
991 1462 1129 1536 pretium

111 1547 215 1627 probri
233 1548 367 1607 cessisse.
399 1547 612 1624 incensumque
636 1553 666 1606 et
684 1546 720 1606 ad
738 1548 833 1607 minas
852 1554 1060 1624 erumpentem·
1078 1567 1127 1609 ca-

112 1639 183 1697 stris
197 1635 295 1714 inlert,
308 1641 410 1713 parata
424 1635 561 1695 contione
574 1632 714 1715 militum3
728 1635 806 1713 apud
822 1653 896 1713 quos
909 1646 1127 1713 praemonente

111 1725 249 1786 Narcisso
267 1741 360 1802 pauca
379 1721 468 1783 verba
486 1722 569 1783 fecit:
587 1740 655 1783 nam
674 1725 730 1784 etsi
748 1725 859 1785 iustum
873 1722 1009 1784 dolorem
1025 1725 1129 1802 pudor

111 1811 299 1893 impediebat.
327 1813 487 1871 continuus
501 1810 608 1871 dehinc
623 1811 789 1872 cohortium
803 1811 914 1872 clamor
928 1813 1047 1873 nomina
1057 1831 1127 1874 reo

72 1916 98 1956 ro
112 1921 178 1963 rum
194 1909 223 1961 et
241 1918 351 1980 poenas
369 1898 575 1980 flagitantium
594 1899 788 1979 admotusque
804 1901 893 1962 Silius
907 1899 1049 1961 tribunali
1063 1919 1127 1963 non

112 1992 331 2068 defensionem,
349 2006 409 2048 non
427 2005 525 2048 moras
544 1990 710 2069 temptavit,
731 1998 869 2068 precatus
887 1996 920 2050 ut
938 2006 1019 2049 mors
1037 1989 1126 2050 adce-

112 2078 266 2139 leraretur.
295 2076 397 2136 eadem
416 2078 579 2136 constantia
599 2084 628 2136 ct
646 2076 788 2138 inlustres
803 2080 919 2157 equites
932 2077 1057 2138 Romani
1072 2098 1125 2140 cu-

112 2167 175 2246 pidi
193 2172 326 2225 rnaturae
344 2166 427 2224 necis
446 2164 575 2225 luerunt.
613 2165 724 2226 Titium
742 2165 914 2246 Proculum,
938 2166 1093 2227 custodem
1109 2187 1128 2228 a·

114 2255 185 2316 Silio
199 2252 372 2313 Messalinae
392 2253 492 2314 datum
512 2260 541 2313 et
559 2252 701 2314 indicium
721 2254 906 2334 offerentem,
925 2253 1055 2315 Vettium
1069 2255 1125 2316 Va-

73 2344 222 2404 roiensem
240 2341 408 2403 confessum
427 2348 457 2401 ct
475 2341 647 2420 Pompeium
663 2341 805 2404 Urbicum
826 2362 860 2404 ac
880 2343 1031 2404 Saufeium
1050 2343 1125 2405 Tro-

113 2451 183 2513 gurn
202 2450 238 2493 ex
256 2431 383 2491 consciis
401 2430 480 2490 tradi
498 2430 533 2491 ad
554 2431 733 2510 supplicium
746 2430 837 2492 iubet.
865 2432 989 2493 Decrius
1003 2450 1125 2511 quoque

114 2522 329 2601 Calpurnianus
343 2519 464 2598 vigilum
484 2519 665 2602 praelectus,
689 2519 838 2598 Sulpicius
857 2519 952 2582 Rulus
970 2519 1033 2581 ludi
1056 2539 1125 2599 pro-

114 2619 245 2693 curator,
256 2610 365 2671 Iuncus
380 2607 564 2687 Vergilianus
578 2617 698 2670 senator
711 2608 813 2670 eadem
827 2626 922 2687 poena
936 2609 1052 2670 adlecti.

181 2697 232 2760 36.
256 2698 343 2759 Solus
362 2697 492 2759 Mnester
512 2699 733 2758 cunctationem
748 2696 858 2778 attulit,
881 2696 1018 2758 dilaniata
1040 2704 1126 2758 veste

114 2777 280 2866 clamitans,
304 2789 450 2865 aspiceret
472 2785 630 2847 verberum
651 2793 749 2868 notas,
772 2789 1016 2847 reminisceretur
1033 2788 1125 2867 vocis,

114 2893 171 2955 qua
191 2892 222 2934 se
242 2872 402 2935 obnoxium
420 2877 510 2935 iussis
528 2873 704 2936 Messalinae
719 2874 862 2936 dedissett
881 2874 945 2936 aliis
968 2873 1125 2953 largitione

114 2970 165 3024 aut
186 2964 250 3041 spei
268 2961 483 3042 magnitudine,
503 2962 560 3022 sibi
579 2981 614 3022 ex
633 2965 809 3023 necessitate
833 2963 962 3043 culpam3
985 2980 1040 3023 nec
1063 2965 1125 3023 cui·

87 3067 100 3108 a
115 3071 203 3133 quam
213 3058 280 3112 ante
289 3049 475 3128 pereundum
486 3050 586 3130 luisse,
602 3052 628 3111 si
638 3049 727 3111 Silius
740 3069 842 3112 rerum
854 3058 1017 3130 poteretur.
1046 3069 1125 3111 corn-

186 3223 231 3292 84,
251 3229 268 3278 9
287 3221 472 3290 obstreperet,
492 3236 540 3275 em.
559 3219 706 3276 Acidaliae
730 3224 734 3288 Ι
761 3227 793 3277 13
813 3219 882 3290 quid
899 3219 990 3275 multa
1014 3223 1018 3289 Ι
1042 3220 1089 3292 lii,
1111 3227 1125 3274 1

115 3294 200 3349 iulius
216 3296 221 3364 Ι
237 3299 252 3349 t
268 3291 376 3349 avitum
389 3291 530 3347 Fetibus:
548 3289 677 3346 habitum
692 3293 697 3362 1
715 3297 747 3346 12
762 3289 858 3362 cupidi
871 3307 907 3345 m.
922 3289 999 3344 necis
1013 3289 1128 3345 bierunt

115 3367 224 3422 Haase:
253 3363 355 3434 cupido
377 3364 486 3418 memte
508 3360 585 3416 necis
609 3360 664 3417 fuit
687 3364 716 3417 et
739 3363 880 3432 (romanos
898 3360 1015 3430 cupidos
1037 3377 1074 3414 m.
1097 3378 1126 3418 n.

115 3436 185 3491 fecit
202 3438 237 3491 ol.
258 3434 415 3491 illustribus
433 3431 578 3502 equitibus,
592 3431 643 3489 Ro.
664 3449 697 3487 ac
723 3431 815 3488 ’urii‘
843 3448 861 3472 Μ
901 3448 907 3468 ·
936 3429 985 3468 *¹¹³⁴
1009 3431 1127 3502 'lrlicbsl

118 3507 123 3556 l
145 3514 177 3562 te
195 3505 271 3562 trahi
289 3506 440 3561 Rbeoaaaus
