2392 3876
295 669 605 755 CORNELII
643 671 871 756 ΤΑΟΙΤΙ

326 823 374 890 ΑΒ
397 823 562 895 EXGESSU
583 825 658 895 lllll
680 823 836 896 AUGUSTI

489 978 596 1035 LIBER
613 981 671 1036 XII.

146 1124 173 1188 1.
193 1125 287 1188 Caede
300 1126 472 1189 Messalinae
486 1129 626 1190 convulsa
639 1131 784 1208 principis
798 1130 912 1211 domus,
927 1137 991 1193 orto
1006 1129 1084 1210 apud

78 1215 201 1278 libertos
220 1218 396 1297 certamine,
416 1219 483 1296 quis
501 1216 645 1295 deligeret
663 1235 786 1279 uxorem
805 1216 939 1299 Claudio,
965 1220 1085 1280 caelibis

79 1306 154 1365 vitae
173 1303 345 1367 intoleranti
359 1313 389 1366 et
403 1307 562 1385 coniugum
581 1307 715 1385 imperiis
734 1305 869 1368 obnoxio.
897 1325 952 1368 nec
971 1309 1085 1368 minore

77 1391 189 1453 ambitu
207 1393 333 1454 feminae
353 1401 537 1455 exarserant:
561 1412 644 1456 suam
668 1412 802 1474 quaeque
825 1393 1009 1456 nobilitatem
1027 1395 1085 1456 ior·

78 1499 154 1542 mam
173 1498 245 1559 opes
264 1483 444 1544 contendere
461 1501 496 1544 ac
515 1483 602 1562 digna
620 1491 703 1545 tanto
722 1484 908 1544 matrimonio
927 1489 1112 1545 ostentaret

78 1570 130 1631 sed
153 1572 278 1632 maxime
294 1569 506 1649 ambigebatur
528 1573 607 1633 inter
629 1570 752 1632 Lolliam
770 1571 921 1632 Paulinam
944 1570 981 1632 bl.
1000 1570 1086 1632 Lollii

78 1658 243 1720 consularis
266 1667 296 1720 et
318 1658 422 1720 Iuliam
440 1661 631 1739 Agrippinam
654 1659 828 1722 Germanico
851 1662 992 1739 genitam:
1015 1660 1085 1722 huic

40 1778 43 1784 Δ
77 1749 184 1830 Pallas,
203 1748 247 1809 illi
260 1747 397 1810 Callistus
416 1749 546 1810 lautores
564 1749 700 1829 aderaut3
724 1757 753 1809 at
770 1748 851 1809 Aelia
869 1749 991 1810 Paetina
1009 1767 1025 1811 e
1045 1749 1085 1809 la·

77 1839 157 1900 milia
171 1837 363 1899 Tuberonum
377 1836 514 1899 Narcisso
529 1837 692 1900 fovebatur.
719 1840 784 1916 ipse
802 1837 861 1898 buo
879 1838 980 1917 modo,
998 1837 1086 1899 modo

77 1930 155 2008 illuc,
170 1935 364 2006 utquomque
379 1926 567 1988 suadentium
580 1927 722 2008 audierat,
735 1934 900 2006 promptus,
916 1925 1084 1988 discordan·
1101 1942 1126 1982 ro

77 2026 122 2079 tes
137 2019 167 2078 in
182 2015 340 2079 consilium
354 2023 438 2076 vocat
456 2033 490 2076 ao
510 2033 646 2094 promere
665 2017 843 2077 sententiam
860 2022 891 2076 et
904 2015 1021 2076 adicere
1040 2033 1085 2076 ra·

78 2109 173 2167 tiones
187 2104 278 2168 iubet
363 2115 364 2119 ’

144 2192 174 2256 2.
210 2192 366 2254 Narcissus
394 2201 479 2254 vetus
511 2195 745 2274 matrimonium,
778 2193 866 2255 liliam
898 2211 1085 2255 communem

23 2344 25 2348 .
79 2278 159 2361 (nam
175 2283 301 2344 Antonia
315 2299 351 2342 ex
360 2279 481 2342 Paetina
494 2276 580 2363 erat),
595 2280 668 2342 nihil
681 2283 713 2342 in
727 2281 883 2361 penatibus
897 2283 962 2344 eius
976 2299 1085 2343 novum

78 2370 256 2450 disserebat,
274 2371 302 2430 si
322 2376 406 2430 sueta
424 2371 554 2430 coniunx
567 2369 688 2450 rediret,
706 2369 934 2449 haudquaquam
947 2387 1085 2431 noverca·

78 2460 156 2522 libus
184 2459 259 2520 odiis
288 2459 386 2518 visura
413 2456 630 2539 Britannicum,
663 2457 825 2539 Octaviam,
857 2459 991 2536 proxima
1022 2459 1085 2518 suis

78 2550 208 2626 pignora.
241 2543 379 2606 Callistus
397 2544 582 2623 inprobatam
601 2544 687 2623 longo
706 2545 844 2627 discidio,
867 2563 901 2606 ac
920 2547 947 2606 si
964 2558 1112 2606 rursums

78 2635 297 2712 adsumeretur,
321 2650 356 2693 eo
379 2634 444 2711 ipso
468 2632 640 2714 superbam3
662 2631 808 2714 longeque
830 2635 942 2695 rectius
962 2631 1085 2696 Lolliam

79 2724 188 2804 induci,
203 2721 320 2802 quando
334 2719 431 2782 nullos
445 2719 555 2783 liberos
569 2723 733 2803 genuisset,
756 2740 876 2783 vacuam
891 2721 1084 2784 aemulatione

78 2821 107 2874 et
125 2813 269 2892 privignis
286 2811 419 2889 parentis
442 2810 506 2872 loco
530 2810 667 2872 luturam.
704 2819 734 2872 at
747 2809 841 2873 Pallas
861 2811 891 2872 id
909 2813 1034 2874 maxime
1054 2813 1084 2872 in

78 2903 238 2982 Agrippina
252 2899 385 2978 laudare,
404 2899 483 2978 quod
498 2899 665 2962 Germanici
678 2907 815 2979 nepotem
829 2918 931 2962 seeum
945 2900 1085 2980 traheret,

77 2992 199 3070 dignum
214 3005 338 3070 prorsus
352 2990 542 3067 imperatoria
556 2989 687 3050 fortuna:
707 2991 831 3070 stirpem
849 2987 977 3050 nobilem
997 2996 1026 3049 et
1045 2989 1084 3049 la·
1100 3001 1125 3042 ιο

148 3162 175 3231 l,
193 3167 210 3218 8
228 3158 393 3216 intoleranti
416 3160 556 3215 Muretus:
582 3156 744 3226 intonanti!
760 3159 799 3214 im
820 3158 949 3216 aratoriis
964 3162 969 3230 Ι
985 3164 1001 3214 b
1020 3174 1084 3214 cou-

77 3232 222 3288 tenderet.
233 3273 240 3288 .
252 3231 408 3287 ostentaret
416 3232 491 3300 (cum
504 3245 601 3285 suum.
616 3177 871 3288 ‚contendereteio
884 3230 1084 3301 Waucaobora)

79 3303 192 3374 {digne
218 3303 258 3359 ed.
285 3304 375 3372 punc.
403 3306 429 3358 et
453 3302 518 3369 fort.
542 3305 559 3356 1
581 3317 616 3356 m.
634 3301 723 3358 Med:
750 3299 779 3356 di
820 3317 867 3357 om
890 3304 895 3371 Ι
920 3307 955 3357 to
981 3316 1084 3370 pronus

79 3375 206 3430 Muretus
229 3378 234 3441 Ι
259 3373 285 3441 2,
311 3379 324 3428 1
353 3371 442 3426 filium
468 3373 552 3428 ideam
580 3370 731 3454 lumiliem,
757 3319 859 3442 οὲῃαά
884 3375 930 3440 16,
952 3374 1000 3454 26,
1023 3372 1082 3455 tol

76 3450 92 3499 2
107 3444 295 3514 imperialibus
311 3446 315 3513 l
332 3450 349 3502 4
368 3441 436 3499 Brit.
452 3443 482 3497 et
495 3440 644 3498 Octauium
658 3444 694 3500 ol.
709 3443 744 3512 cf.
760 3446 803 3512 13,
819 3447 864 3512 55,
878 3443 916 3513 61
932 3447 947 3498 ὁ
966 3441 1085 3497 d1ssrdio
