2392 3876
256 183 304 236 AB
322 181 484 238 uxdnssu
502 181 658 238 AUGUSTI
675 182 748 239 XIV.
768 189 880 240 49-53.
1001 183 1066 248 309

60 335 202 413 uenisset,
226 340 378 411 aspectum
401 333 465 393 eius
488 339 654 392 aversatum
678 335 841 393 sciscitanti
862 332 1005 394 haetenus
1024 351 1069 394 re·

62 420 231 500 spondisse:
252 417 317 501 ‘ego
335 438 384 481 me
402 420 477 481 bene
495 417 610 481 babeo?
639 422 751 481 civitati
764 420 874 500 grande
889 421 1069 483 desiderium

60 512 124 571 eius
146 511 255 571 mansit
272 528 327 588 per
344 511 518 570 memoriam
536 510 655 569 virtutis
674 517 704 570 et
722 527 929 571 successorum
948 505 1072 571 alterins
1084 522 1110 562 10

61 617 181 678 segnem
198 599 411 679 innocentiam,
430 597 552 659 alterius
571 597 796 677 flagrantissima
814 598 932 677 flagitia.
962 601 1069 678 quippe

60 687 260 749 Caesar'duos
278 688 436 766 praetoriis
455 686 627 747 cohortibus
641 689 836 769 imposuerat,
854 686 998 748 Faenium
1011 686 1070 746 llu-

61 777 123 837 fum
145 795 181 837 ex
200 776 279 855 vulgi
302 776 414 856 favore,
438 778 506 855 quia
529 794 593 836 rem
616 776 839 837 frumentariam
863 778 926 837 sine
947 782 1072 856 quaestu

61 865 219 945 tractabat,
240 863 394 925 Sofonium
409 863 600 945 Tigellinum,
619 873 749 926 veterem
763 864 969 944 inpudicitiam
983 872 1071 943 atque

60 954 209 1013 infamiam
223 955 254 1013 in
269 971 304 1013 eo
319 960 448 1013 secutus.
472 960 559 1031 atque
569 952 611 1013 illi
621 972 675 1032 pro
690 956 817 1033 cognitis
830 953 964 1015 moribus
978 954 1071 1033 fuere,
1085 963 1111 1004 1⁵

61 1040 183 1102 validior
205 1039 367 1120 Tigellinus
385 1042 417 1101 in
435 1043 533 1101 animo
552 1044 696 1121 principis
715 1050 745 1103 et
763 1044 875 1104 intimis
899 1041 1071 1103 libidinibus

61 1130 248 1210 adsumptus,
271 1147 415 1208 prospera
437 1128 540 1210 populi
563 1137 593 1191 et
615 1131 743 1192 militum
766 1131 842 1192 fama
860 1131 968 1212 Rufus,
992 1130 1071 1210 quod

61 1219 138 1297 apud
153 1218 300 1279 Neronem
315 1218 471 1279 adversum
485 1218 701 1297 experiebatur.

127 1304 178 1369 52.
204 1307 284 1368 Mors
309 1307 398 1367 Bnrri
423 1307 543 1387 infregit
568 1307 697 1369 Senecae
721 1312 895 1389 potentiam,
925 1310 993 1388 quia
1016 1325 1072 1368 nec

61 1395 146 1456 bonis
165 1396 278 1457 artibus
297 1395 375 1456 idem
393 1397 502 1457 virium
521 1404 584 1457 erat
602 1395 694 1456 altero
712 1396 793 1457 uelut
811 1395 885 1457 duee
910 1402 1020 1476 amoto,
1043 1403 1074 1455 et

61 1484 139 1544 Nero
159 1484 195 1544 ad
214 1484 377 1544 deteriores
396 1482 565 1545 inclinabat.
593 1485 625 1544 hi
643 1487 731 1545 variis
750 1483 1006 1545 criminationibus
1021 1482 1072 1542 Se-

61 1591 165 1634 necam
183 1574 371 1653 adoriuntur,
399 1580 548 1651 tamquam
571 1574 707 1650 ingentes
730 1581 760 1633 et
782 1574 929 1652 privatum
952 1571 1072 1632 modum

63 1668 179 1722 evectas
204 1679 275 1739 opes
299 1660 394 1721 adhue
418 1668 553 1740 angeret,
576 1660 714 1740 quodque
738 1661 835 1722 studia
858 1663 967 1722 civium
990 1662 1021 1720 in
1041 1670 1099 1720 se⁵

62 1757 206 1830 verteret,
230 1749 384 1810 hortorum
409 1767 527 1829 quoque
550 1752 725 1811 amoenitate
750 1758 780 1812 et
804 1749 936 1810 villarum
961 1751 1072 1828 magni-

63 1840 180 1900 ficentia
199 1840 285 1917 quasi
303 1839 468 1917 principem
488 1838 761 1918 supergrederetur.
798 1837 966 1900 obiciebant
984 1840 1072 1897 etiam

64 1928 249 2007 eloquentiae
274 1926 390 1987 laudem
409 1928 461 1988 uni
480 1926 538 1987 sibi
556 1927 722 1988 adsciscere
740 1934 771 1988 et
789 1929 919 1988 carmina
938 1925 1073 1986 crebrius

65 2018 212 2096 factitare,
230 2023 388 2095 postquam
407 2015 519 2076 Neroni
537 2034 619 2077 amor
639 2034 742 2077 eomrm
765 2018 903 2077 venisset.
936 2032 1005 2076 nam
1023 2013 1073 2075 ob·

62 2106 245 2166 lectamentis
273 2106 417 2185 principis
445 2102 540 2184 palam
567 2107 704 2186 iniquum
732 2105 898 2167 detrectare
925 2106 984 2164 vim
1008 2104 1072 2164 eius
1088 2115 1114 2154 10

62 2214 154 2272 equos
173 2196 318 2274 regentis,
336 2193 472 2254 inludere
492 2212 592 2276 voces,
612 2196 749 2274 quotiens
768 2201 896 2256 caneret.
929 2193 1073 2272 quemad

63 2284 151 2342 fmem
170 2281 243 2342 nihil
261 2284 292 2342 in
312 2301 344 2343 re
363 2282 481 2361 publica
500 2282 613 2344 clarum
631 2283 707 2365 fore,
727 2282 804 2362 quod
824 2300 883 2343 non
903 2282 939 2343 ab
958 2280 1008 2341 illo
1027 2300 1072 2341 re-

63 2371 156 2449 periri
179 2366 338 2431 credatur?
361 2379 442 2433 certe
466 2372 580 2432 linitam
597 2371 723 2432 Neronis
746 2373 904 2450 pueritiam
927 2377 957 2430 et
982 2369 1074 2429 robur

63 2462 199 2520 iuventae
213 2458 329 2519 adesse:
348 2467 471 2520 exueret
488 2462 674 2540 magistrum,
694 2462 765 2520 satis
784 2457 888 2537 amplis
902 2457 1074 2518 doctoribus

63 2551 228 2608 instructus
242 2547 403 2607 maioribus
418 2549 490 2608 suis.
1088 2558 1113 2597 1⁵

130 2632 181 2697 53.
205 2634 243 2694 At
261 2634 373 2695 Seneca
392 2636 614 2696 criminantium
638 2653 697 2697 non
720 2637 855 2714 ignarus,
878 2632 1073 2712 prodentibus

64 2728 114 2805 iis,
134 2723 242 2802 quibus
256 2723 354 2802 aliqua
367 2723 486 2784 bonesti
499 2742 583 2804 cura,
602 2731 632 2784 et
650 2723 878 2784 familiaritatem
898 2724 962 2783 eius
981 2724 1074 2802 magis

65 2808 240 2893 aspernante
255 2810 392 2893 Caesare,
413 2821 531 2892 tempus
550 2815 680 2873 sermoni
699 2820 764 2874 orat
782 2821 812 2873 et
830 2819 952 2890 accepto
970 2813 1012 2872 ita
1030 2813 1075 2873 in-

65 2905 150 2981 cipit:
179 2897 314 2980 ‘quartus
342 2900 484 2962 decumus
512 2919 607 2962 annus
635 2910 694 2983 est,
722 2900 842 2982 Caesar,
869 2918 905 2961 ex
928 2919 986 2981 quo
1011 2903 1075 2980 spei

64 3000 132 3052 tuae
156 2989 292 3050 admotus
317 3007 396 3070 snm,
420 2997 554 3073 octavus,
583 2998 616 3052 ut
639 2992 796 3071 imperium
819 2990 949 3051 obtines:
976 2990 1100 3050 medios

63 3080 207 3159 temporis
221 3085 336 3139 tantum
354 3078 502 3140 bonorum
521 3088 608 3158 atque
628 3098 718 3160 opum
737 3082 767 3140 in
785 3097 833 3140 me
852 3077 1022 3158 cumulasti,
1041 3087 1075 3138 ut

135 3323 181 3392 bl,
210 3328 226 3378 8
252 3320 444 3389 eduen-satum,
470 3339 517 3378 aaa.
548 3321 718 3378 Puteolanus
746 3322 751 3390 Ι
781 3326 813 3376 11
841 3319 861 3374 fl
900 3318 951 3373 'tic
978 3317 1073 3375 Orelli:

63 3391 174 3463 flagitia
198 3436 204 3449 .
231 3391 372 3448 adulteria
397 3395 401 3462 Ι
428 3399 461 3448 14
487 3391 631 3449 Sofonium
659 3393 833 3449 Vertronino:
862 3389 987 3446 conium
1020 3392 1074 3444 ‘15

66 3462 194 3534 cognatis
210 3464 277 3534 152,
296 3471 313 3520 9
332 3465 481 3531 euenisset,
500 3481 548 3521 aaa.
558 3465 673 3536 Lopadusa
688 3466 692 3534 Ι
709 3471 740 3519 11
756 3478 853 3519 vocem
864 3463 993 3518 Muretus
1028 3461 1074 3529 53,

64 3541 80 3590 2
98 3535 191 3605 magis
209 3534 356 3606 magisque
376 3536 519 3591 Prommer
