2392 3876
143 175 185 239 70
492 168 662 225 CORNELII
679 166 798 222 TAClTl

140 324 284 401 concepit.
313 330 343 382 et
356 319 506 380 ferebatur
521 318 695 379 Germanico
710 335 763 396 per
782 309 933 399 amb'a'ges,
952 330 986 379 nt
1004 337 1069 379 mos
1088 338 1154 380 ora·

141 410 229 491 culis,
245 417 395 471 maturum
409 410 532 469 exitium
547 409 700 468 cecinisse.

207 496 259 561 55.
284 499 321 559 lt
340 498 390 559 Gn.
410 497 491 576 Piso,
515 514 574 575 quo
597 497 806 574 properantius
830 495 975 555 destinata
997 497 1155 578 inciperet,

141 591 290 651 civitatem
308 587 534 647 Atheniensium
552 584 672 644 turbido
690 586 809 645 incessu
829 586 1000 644 exterritam
1019 587 1154 645 oratione

142 696 227 738 saeva
240 680 387 754 increpat,
402 673 521 752 oblique
535 673 743 734 Germanicum
756 674 974 753 perstringens,
990 673 1068 751 quod
1084 692 1154 733 con·

140 775 188 827 tra
207 766 298 826 decus
312 764 436 823 Romani
453 764 582 822 nominis
600 779 660 822 non
673 761 868 821 Athenienses
887 768 931 820 tot
950 760 1084 822 cladibus
1104 781 1153 822 ex·

116 857 276 932 astinctos,
291 852 342 912 sed
358 850 524 912 conluviem
537 849 616 909 illam
631 851 784 910 nationum
798 851 935 913 comitate
946 852 1036 909 nimia
1046 850 1153 911 coluis-

143 950 201 1002 set:
220 941 274 1001 hos
294 942 373 1000 enim
392 957 457 1000 csse
471 937 651 999 Mithridatis
665 938 807 1023 adversus
822 937 945 1014 Sullam,
965 940 1085 999 Antonii
1105 941 1153 999 ad·

142 1048 246 1091 versus
261 1029 361 1089 divum
370 1027 537 1106 Augustum
552 1029 656 1088 socios.
681 1028 769 1086 etiam
780 1034 877 1086 vetera
889 1025 1062 1105 oblectabat,
1077 1046 1153 1106 quae

143 1121 174 1179 in
188 1118 363 1179 Macedones
382 1119 569 1196 inprospere,
588 1114 732 1175 violenter
749 1117 780 1174 in
799 1133 869 1174 suos
891 1114 1045 1194 iecissent,
1064 1116 1154 1177 olien-

143 1226 195 1268 sus
209 1207 278 1268 urbi
291 1208 412 1286 propria
426 1222 544 1284 quoque
558 1207 610 1285 ira,
626 1206 694 1283 quia
704 1202 901 1283 Theophilum
915 1203 1061 1282 quendam
1076 1205 1154 1265 Areo

104 1311 130 1350 10
143 1296 253 1357 iudicio
272 1295 338 1356 falsi
352 1295 522 1355 damnatum
535 1292 676 1373 precibus
691 1295 753 1353 suis
767 1310 827 1352 non
841 1293 1047 1353 concederent.
1076 1296 1153 1354 exim

144 1386 328 1464 navigatione
356 1383 447 1445 celeri
468 1401 522 1462 per
546 1382 685 1462 Cycladas
709 1390 739 1441 et
762 1382 935 1458 compendia
957 1383 1047 1440 maris
1071 1381 1154 1443 adse-

144 1477 246 1555 quitur
269 1474 476 1534 Gcrmauicum
499 1471 577 1552 apud
599 1469 726 1531 insulam
744 1469 894 1550 Rhodum,
918 1469 996 1530 haud
1020 1472 1154 1531 nescium

145 1563 253 1643 quibus
267 1561 512 1623 insectationibus
525 1562 638 1639 petitus
652 1559 742 1619 foret:
761 1558 813 1619 scd
833 1566 912 1618 tanta
926 1559 1154 1620 mansuetudine

144 1652 260 1731 agebat,
276 1659 322 1731 ut,
341 1669 410 1712 cum
424 1658 488 1740 opta
502 1656 662 1727 tempestas
676 1656 794 1725 raperet
808 1648 838 1706 in
854 1645 979 1725 abrupta
994 1654 1153 1726 possetque

105 1742 283 1801 uincentes
301 1741 414 1799 inimici
433 1737 468 1797 ad
487 1754 589 1797 casum
603 1737 718 1814 referri,
736 1736 851 1794 miserit
870 1737 1009 1814 triremis,
1028 1754 1154 1814 quarum

145 1828 277 1889 subsidio
291 1827 457 1887 discrimini
471 1827 658 1885 eximeretur.
687 1842 783 1902 neque
797 1831 896 1884 tamen
910 1825 1062 1902 mitigatus
1076 1823 1153 1904 Piso,

144 1924 174 1977 et
193 1919 241 1977 vix
260 1917 320 1976 dici
337 1932 449 1975 moram
467 1931 628 1991 perpessus
646 1911 754 1990 linquit
768 1911 975 1973 Germanicum
989 1916 1154 1991 praevenit-

145 2023 211 2083 que.
240 2012 270 2063 et
283 2009 440 2083 postquam
455 2000 571 2061 Suriam
585 2019 619 2061 ac
633 2001 765 2078 legiones
783 2003 892 2081 attigit,
911 2001 1080 2081 largitione,
1095 2020 1154 2063 am·

145 2093 222 2173 bitu,
242 2092 360 2151 infimos
378 2088 605 2170 manipularium
625 2089 765 2169 iuvando,
784 2108 852 2150 cum
870 2097 986 2150 veteres
1006 2093 1155 2150 centurio·

105 2193 131 2234 2⁰
145 2199 211 2261 nes,
236 2198 355 2241 severos
376 2179 512 2240 tribunos
536 2178 705 2238 demoveret
727 2178 850 2256 locaque
875 2196 978 2239 eorum
997 2178 1155 2240 clientibus

145 2273 208 2331 suis
223 2269 268 2329 vel
283 2268 443 2328 deterrimo
458 2270 567 2346 cuique
581 2265 771 2346 attribueret,
786 2267 929 2328 desidiam
943 2269 973 2327 in
988 2269 1107 2348 castris,
1122 2268 1155 2327 li·

145 2360 272 2419 centiam
286 2360 317 2417 in
333 2356 466 2436 urbibus,
480 2374 587 2435 vagum
601 2369 634 2416 ac
648 2355 849 2416 lascivientem
864 2374 917 2435 per
931 2373 1017 2434 agros
1031 2355 1156 2417 militem

145 2450 270 2529 sineret,
297 2464 332 2506 eo
355 2463 450 2524 nsque
470 2446 671 2522 corruptionis
694 2452 852 2523 provectus
876 2453 934 2524 cst,
961 2453 996 2504 ut
1019 2463 1155 2506 sermone

145 2535 225 2616 vulgi
243 2553 351 2615 parens
369 2534 519 2613 legionum
537 2533 705 2595 haberetur.
738 2551 792 2594 nec
807 2532 946 2594 Plancina
960 2551 992 2593 se
1010 2536 1089 2594 iutra
1107 2535 1156 2594 de-

106 2636 132 2677 25
146 2643 216 2686 cora
235 2626 353 2685 leminis
372 2622 504 2703 tenebat,
523 2622 576 2683 sed
591 2625 731 2684 exercitio
747 2624 893 2702 equitum,
913 2622 1089 2683 decursibus
1108 2641 1155 2683 co·

144 2713 277 2773 hortium
290 2714 448 2792 interesse,
467 2713 498 2771 in
512 2711 715 2791 Agrippinam,
734 2713 765 2771 in
780 2711 986 2772 Germanicum
1005 2718 1157 2772 contume-

146 2801 200 2860 lias
219 2803 331 2880 iacere,
355 2799 532 2879 quibusdam
552 2803 640 2860 etiam
658 2799 804 2861 bonorum
823 2799 951 2861 militum
965 2800 1001 2859 ad
1015 2799 1090 2860 mala
1107 2800 1156 2860 ob·

147 2891 248 2967 scquia
272 2890 432 2970 promptis,
456 2889 534 2968 quod
558 2889 636 2949 haud
659 2891 751 2949 invito
775 2891 953 2967 imperatore
973 2888 1091 2949 calleci
1110 2906 1157 2948 oc-

147 2976 245 3040 cultus
259 2993 363 3037 rumor
376 2977 541 3038 incedebat.
569 2985 638 3037 nota
652 2976 724 3038 baec
739 2977 912 3038 Germanico
920 3023 930 3058 ,
944 2976 996 3037 sed
1011 2980 1158 3055 praeverti

107 3081 134 3122 so
148 3067 184 3128 ad
198 3066 352 3127 Armenios
366 3066 524 3125 instantior
538 3083 610 3126 cura
624 3065 688 3125 luit.

214 3151 265 3216 56.
293 3153 437 3231 Ambigua
462 3170 534 3232 gens
558 3170 592 3212 ea
615 3155 779 3232 antiquitus
801 3154 955 3214 hominum
978 3156 1105 3232 ingeniis
1129 3162 1160 3214 et

148 3247 208 3305 situ
227 3251 388 3322 terrarum,
407 3242 546 3321 quoniam
565 3243 677 3302 nostris
694 3244 856 3320 provinciis
871 3242 928 3302 late
942 3250 1096 3320 praetenta
1109 3261 1159 3321 pe·

220 3449 266 3516 54,
288 3455 320 3504 1'1
339 3447 445 3504 exitum
460 3448 585 3504 Heracus
603 3448 661 3502 coll.
677 3463 699 3503 c.
715 3451 750 3503 71
764 3445 943 3518 praematuro
957 3445 1034 3502 exitu
1050 3450 1054 3516 Ι
1070 3445 1116 3515 55,
1127 3453 1160 3502 29

149 3517 301 3586 incidebat,
321 3536 369 3575 em.
387 3520 505 3590 Lipsius
519 3521 525 3589 l
539 3517 585 3585 bb,
607 3524 621 3572 1
641 3518 671 3573 st
688 3518 822 3574 Reium:
842 3516 891 3571 sed
