2392 3876
118 183 184 247 346
466 177 775 234 connmnricrrr

119 333 205 391 cuius
233 347 265 389 se
292 331 404 407 pariter
426 327 557 388 indicem
579 336 610 387 et
631 335 739 387 testem
761 327 881 388 iaceret.
929 327 1027 388 adicit
1049 328 1144 390 dictis

118 419 453 496 constantiam3incnsat
461 416 540 476 ultro
550 415 750 476 intestabilem
758 413 1046 495 etconscelcratum,
1057 424 1143 478 tanta

119 509 200 568 vocis
213 524 247 566 ac
262 504 361 566 vultus
375 506 548 583 securitate,
562 513 596 564 ut
609 503 721 564 labaret
734 503 891 582 indicium,
904 505 965 564 nisi
979 503 1143 567 Milichum

79 615 106 653 so
119 612 194 656 uxor
208 594 410 654 admonuisset
423 594 585 654 Antonium
598 591 730 653 Natalem
747 591 841 652 multa
854 609 923 652 cum
937 591 1092 655 Scaevino
1107 613 1142 656 ac

120 691 236 744 secreta
249 682 437 743 conlocutum
451 689 482 740 et
495 698 562 740 esse
576 689 720 759 utrosque
734 679 766 741 C.
779 679 895 741 Pisonis
910 681 1046 743 intimos

186 768 238 832 56.
257 770 336 848 Ergo
350 772 464 830 accitur
477 767 603 847 Natalis,
621 777 651 829 et
669 769 781 829 diversi
797 771 1035 850 interrogantur,
1056 774 1140 850 qnis-

119 878 187 921 nam
206 862 232 918 is
251 877 362 938 sermo,
381 875 438 936 qua
456 856 494 917 dc
511 875 546 917 re
564 857 678 917 luisset.
705 865 770 918 tum
782 865 884 918 exorta
897 859 1046 938 suspicio,
1067 863 1140 940 qnia

119 965 180 1009 non
195 948 388 1024 congruentia
401 945 629 1025 responderant,
649 945 801 1024 inditaque
818 944 924 1007 vincla,
957 954 990 1006 et
1003 955 1139 1009 tormen

119 1044 219 1096 torum
240 1041 394 1112 aspectum
412 1051 447 1093 ac
463 1035 560 1094 minas
578 1052 638 1095 non
657 1033 766 1095 tulere:
789 1036 872 1112 prior
893 1042 992 1094 tamen
1012 1034 1139 1118 Natalis,

91 1125 211 1183 ototius
231 1122 460 1200 conspirationis
473 1124 567 1202 magis
585 1140 709 1202 gnarus,
729 1122 819 1182 simul
836 1121 981 1201 arguendi
997 1127 1138 1207 peritior,

119 1211 156 1272 de
170 1210 277 1270 Pisone
291 1213 421 1289 primurn
439 1211 562 1290 latetur,
583 1210 689 1271 deinde
707 1210 798 1271 adicit
810 1210 963 1272 Annaeum
977 1210 1138 1294 Senecam,

119 1302 181 1360 sive
195 1301 398 1360 internuntius
412 1301 491 1360 inter
505 1317 574 1360 eum
587 1299 785 1377 Pisonemque
799 1298 864 1379 init,
880 1301 942 1360 sive
955 1307 991 1360 ut
1003 1299 1137 1363 Neronis

119 1391 244 1468 gratiam
257 1395 389 1468 pararet,
411 1389 462 1466 qni
480 1387 615 1448 intensus
629 1387 759 1449 Senecae
778 1404 880 1448 omncs
898 1386 934 1448 ad
948 1405 1019 1448 eum
1031 1393 1137 1469 oppri-

118 1478 259 1539 mendum
274 1485 353 1538 artes
367 1475 570 1555 conquirebat.
593 1483 658 1537 tum
671 1477 790 1553 cognito
799 1475 910 1536 Natalis
923 1476 1034 1536 indicio
1045 1477 1137 1540 Scae-

80 1584 106 1623 ιο
120 1569 206 1627 uinus
221 1584 339 1645 quoque
353 1567 418 1642 pari
436 1562 641 1644 inbecillitate,
659 1581 696 1624 an
710 1572 818 1625 cuncta
831 1566 889 1625 iam
907 1564 1054 1644 patefacta
1068 1585 1136 1629 cre·

119 1655 193 1715 dens
217 1672 272 1714 nec
295 1653 389 1713 ullum
412 1652 523 1713 silentii
541 1652 786 1733 emolumentum,
809 1652 901 1714 edidit
923 1661 1047 1714 ceteros.
1098 1674 1136 1717 ex

120 1742 228 1822 quibus
243 1741 381 1802 Lucanus
396 1740 632 1819 Quintianusque
647 1748 677 1802 et
691 1740 816 1802 Senecio
830 1741 882 1802 diu
901 1740 1045 1803 abnuere:
1064 1752 1137 1822 post

118 1833 264 1910 promissa
279 1831 443 1908 inpunitate
458 1831 601 1909 corrupti,
617 1847 677 1909 qno
690 1830 859 1890 tarditatem
873 1837 1060 1910 excusarent,
1076 1832 1135 1894 Lu·

119 1937 211 1981 canus
235 1918 356 1978 Aciliam
379 1926 504 1980 matrem
531 1935 630 1997 suam,
660 1916 837 1987 Quintianus
861 1917 982 1978 Glitium
1005 1917 1134 2002 Gallum,

78 2025 103 2065 rs
120 2009 243 2069 Senecio
271 2006 399 2067 Anniurn
422 2004 597 2086 Pollionem,
626 2007 790 2066 amicorum
820 2008 1010 2086 praecipuos,
1037 1999 1158 2070 nomi*

118 2114 232 2156 navere.

184 2180 235 2244 57.
259 2183 354 2258 Atque
382 2182 503 2240 interim
522 2180 599 2239 Nero
625 2180 800 2241 recordatus
819 2180 932 2243 Volusii
949 2182 1069 2245 Proculi
1088 2189 1132 2247 in·

118 2272 195 2332 dicio
210 2269 380 2347 Epicharim
395 2269 514 2328 attineri
528 2277 671 2348 ratusque
684 2268 829 2329 muliebre
844 2288 954 2349 corpus
969 2274 1065 2350 impar
1081 2274 1132 2335 do·

118 2358 174 2419 lori
192 2359 348 2419 tormentis
366 2356 521 2418 dilacerari
543 2357 634 2418 iubet.
671 2357 802 2419 atillam
827 2376 887 2420 non
909 2359 1046 2441 verbera,
1069 2379 1133 2425 non

117 2450 215 2528 ignes,
238 2465 298 2508 non
316 2448 360 2507 ira
380 2464 414 2506 eo
433 2447 532 2506 acrius
550 2449 766 2528 torquentium,
791 2464 829 2508 ne
848 2466 865 2508 a
882 2447 990 2508 femina
1009 2466 1132 2528 sperne·

91 2551 105 2592 o
118 2545 236 2616 rentur,
250 2538 417 2616 pervicere,
434 2537 507 2614 quin
521 2534 637 2596 obiecta
651 2535 818 2614 denegaret.
846 2537 889 2596 sic
907 2538 1021 2614 primus
1041 2555 1132 2617 quac·

119 2628 224 2687 stionis
245 2625 309 2687 dies
330 2631 526 2702 contemptus.
558 2632 679 2702 postero
698 2642 766 2685 cum
784 2623 820 2685 ad
840 2624 959 2685 eosdem
977 2629 1132 2689 cruciatus

118 2713 321 2774 retraheretur
344 2714 507 2791 gestamine
530 2711 618 2773 sellae
641 2707 724 2793 (nam
747 2712 898 2773 dissolutis
920 2712 1063 2774 membris
1085 2718 1132 2776 in-

119 2802 224 2860 sistere
247 2796 416 2881 nequibat),
444 2799 540 2860 vinclo
564 2801 683 2881 fasciae,
709 2819 797 2879 quam
819 2803 935 2880 pectori
953 2801 1132 2886 detraxerat,

118 2890 149 2948 in
163 2886 283 2947 modum
302 2887 400 2964 laquei
418 2887 454 2947 ad
472 2905 575 2949 arcum
593 2887 682 2949 sellae
700 2890 838 2949 restricto
857 2889 964 2950 indidit
982 2893 1131 2953 cervicem

79 2984 149 3037 root
168 2975 302 3053 corporis
324 2974 457 3051 pondere
476 2977 576 3037 conisa
595 2983 715 3037 tenuem
739 2977 798 3036 iam
817 2979 955 3056 spiritum
973 2982 1131 3061 expressit,

119 3065 243 3126 clariore
258 3060 392 3139 exemplo
414 3060 551 3122 libertina
566 3063 673 3124 mulier
686 3067 718 3125 in
732 3070 812 3124 tanta
827 3068 1003 3126 necessitate
1017 3066 1130 3129 alienos

119 3171 153 3214 ac
167 3170 259 3233 prope
274 3153 390 3229 ignotos
411 3151 606 3231 protegendo,
625 3169 693 3213 cum
711 3153 833 3229 ingenui
851 3161 881 3215 et
898 3156 955 3215 riri
969 3162 999 3216 et
1013 3158 1130 3235 equites

190 3305 236 3372 to,
257 3310 289 3359 li
308 3301 386 3358 cuius
405 3317 435 3358 se
453 3302 613 3358 Acidalioer
632 3302 749 3358 Iuesisse
768 3306 841 3372 (fort.
861 3304 940 3359 cuius
959 3309 1033 3429 sos?
1055 3308 1060 3374 l
1082 3307 1129 3375 tu,

121 3382 153 3431 12
173 3373 425 3444 quintilianusque,
453 3389 500 3428 em.
519 3371 650 3443 Lipsius,
678 3380 703 3428 et
720 3376 760 3429 sic
778 3377 903 3444 deinceps
926 3380 931 3443 Ι
957 3380 990 3430 14
1034 3375 1131 3432 citiam

121 3447 227 3503 Puteot.
248 3449 290 3515 (ex
309 3449 352 3513 15,
372 3449 432 3514 tn:
451 3440 561 3498 utillum
577 3447 581 3510 Ι
598 3441 792 3512 quintilianus,
810 3448 874 3502 dem
891 3450 934 3512 ot,
955 3450 995 3500 to·
1007 3453 1032 3502 et
1050 3453 1093 3515 ¹10,
1113 3454 1130 3504 7

123 3516 181 3588 llo
199 3514 367 3585 proecipuus
383 3519 387 3586 1
404 3514 481 3584 ὅῌ
501 3513 627 3580 epictati
654 3531 691 3556 Μ·
722 3517 815 3564 Petrei
838 3513 1001 3570 {Epicharin
1013 3517 1130 3589 uetur)
