2392 3876
249 184 297 237 AB
315 181 475 239 EXCESSU
493 181 649 262 auuusrt
666 183 738 238 XIV.
758 189 872 240 28—82.
1000 185 1064 250 299

55 334 209 396 habebant.
233 333 306 395 baec
320 335 419 412 agenti
430 332 572 394 Suetonio
587 335 741 412 repentina
755 333 882 394 delectio
896 336 1064 412 provinciae

55 425 218 484 nuntiatur.

122 510 173 573 31.
199 512 260 572 Rex
281 510 439 572 Icenorum
460 510 653 591 Prasutagus,
677 509 763 589 longa
786 509 936 589 opulentia
959 511 1065 592 clarus,

56 600 211 662 Caesarem
233 599 374 661 heredem
397 599 530 679 duasque
552 600 627 661 lilias
651 601 824 680 scripserat,
848 598 900 661 tali
922 599 1064 680 obsequio

56 699 138 751 ratus
157 707 340 769 regnumque
360 695 390 749 et
408 688 528 749 domum
547 707 631 749 suam
644 687 749 767 procul
761 689 870 748 iniuria
885 688 956 750 lore.
986 689 1065 768 quod

55 788 158 840 contra
177 781 278 858 vertit,
299 778 372 838 adeo
392 784 425 837 ut
444 794 568 855 regnum
590 795 645 857 per
663 778 868 858 centuriones,
886 777 992 838 domus
1011 795 1066 855 per

55 885 157 929 servos
176 867 257 927 velut
275 875 359 945 capta
379 873 573 926 vastarentur.
600 867 660 938 ‚iarn
677 867 806 945 primum
821 884 896 927 uxor
910 868 974 927 eius
988 865 1064 926 Rou·
1080 883 1093 922 5

55 957 139 1016 dicca
153 953 327 1015 verberibus
341 953 455 1014 adlecta
474 961 503 1014 et
521 952 597 1014 ibae
617 962 721 1032 stupro
739 953 863 1016 violatae
881 963 965 1017 sunt:
982 973 1066 1034 prae·

55 1046 136 1123 cipui
151 1045 261 1123 quique
275 1042 445 1123 Icenorum,
464 1044 550 1122 quasi
567 1051 704 1103 cunctam
723 1045 875 1122 regionem
888 1045 1005 1104 meineri
1018 1062 1066 1105 ac·

54 1135 219 1211 cepissent,
242 1132 328 1191 avitis
351 1130 437 1191 bonis
461 1138 625 1211 exuuntur,
648 1139 679 1192 et
701 1134 863 1212 propinqui
885 1135 966 1210 regis
988 1134 1067 1194 inter

56 1223 201 1299 mancipia
223 1219 417 1281 habebantur.
459 1238 517 1299 qua
540 1218 718 1281 contumelia
736 1228 767 1280 et
785 1228 866 1281 metu
889 1223 1065 1302 graviorum,

56 1311 172 1390 quaudo
188 1312 218 1370 in
233 1309 356 1370 lormam
371 1310 539 1386 provinciae
554 1315 718 1388 cesserant,
737 1311 858 1386 rapiunt
877 1327 969 1390 arma,
988 1328 1065 1370 com·
1081 1328 1106 1366 ιο

56 1401 144 1459 urotis
168 1398 204 1459 ad
229 1397 450 1458 rebellationem
472 1395 704 1457 Trinobantibus
727 1403 757 1457 et
780 1399 832 1476 qui
858 1396 909 1457 alii
934 1397 1066 1458 nondum

57 1489 176 1548 servitio
196 1487 283 1547 lracti
300 1503 452 1556 resumere
473 1484 640 1545 libertatem
663 1485 789 1546 occultis
812 1486 1066 1546 coniurationibus

56 1577 242 1655 pepigerant,
261 1577 405 1635 acerrimo
424 1576 455 1634 in
474 1581 629 1634 veteranos
647 1574 724 1634 odio.
753 1575 862 1652 quippe
876 1575 907 1634 in
921 1573 1066 1635 coloniam

56 1663 290 1724 Camulodunum
300 1681 405 1723 recens
415 1662 535 1724 deducti
549 1660 697 1740 pellebant
711 1662 856 1743 domibus,
871 1661 1067 1724 exturbabant

57 1754 148 1832 agris,
172 1755 315 1831 captivos,
343 1768 444 1812 servos
468 1750 653 1832 appellando,
680 1750 849 1812 foventibus
871 1752 1065 1829 inpotentiam
1081 1769 1105 1808 15

57 1850 264 1901 veteranorum
273 1839 418 1901 militibus
428 1839 620 1900 similitudine
630 1841 707 1900 vitae
721 1847 752 1900 et
766 1856 818 1918 spe
828 1839 962 1900 eiusdem
976 1839 1065 1901 licen-

57 1933 123 1991 tiae.
151 1930 186 1990 ad
201 1928 257 1990 boc
271 1928 414 2007 templum
428 1929 495 1990 diro
509 1927 630 1989 Claudio
645 1930 839 1989 constitutum
853 1930 939 2008 quasi
952 1946 1005 1989 arx
1019 1947 1066 1990 ae·

57 2029 158 2079 ternae
173 2019 380 2079 dominationis
399 2016 611 2097 aspiciebatur,
629 2016 796 2097 delectique
815 2017 984 2079 sacerdotes
1000 2036 1065 2096 spe—

55 2111 101 2170 cie
115 2108 267 2186 religionis
281 2108 377 2166 omnis
391 2106 525 2168 fortunas
542 2105 740 2166 effundebant.
768 2123 824 2167 nec
841 2106 968 2167 arduum
988 2106 1065 2167 vide-

57 2196 144 2257 batur
162 2195 320 2256 excindere
338 2195 484 2256 coloniam
504 2194 593 2256 nullis
607 2197 799 2256 munimentis
818 2202 961 2276 saeptam;
986 2196 1064 2275 quod
1080 2211 1105 2251 so

56 2284 183 2345 ducibus
197 2286 307 2345 nostris
321 2302 425 2363 parum
440 2285 591 2362 provisum
610 2292 686 2363 erat,
704 2284 775 2345 dum
794 2286 964 2344 amoenitati
981 2287 1065 2363 prius

56 2390 144 2452 quam
159 2375 228 2433 usui
242 2373 415 2433 consulitur.

123 2458 175 2522 32.
202 2459 285 2521 Inter
310 2478 385 2539 quac
414 2459 493 2521 nulla
520 2460 616 2539 palam
644 2477 733 2521 causa
755 2458 908 2539 delapsum
932 2461 1064 2521 Camulo-

56 2551 130 2610 duni
144 2548 334 2609 simulacrum
343 2548 489 2608 Victoriae
504 2566 538 2608 ac
552 2555 633 2608 retro
647 2565 832 2628 conversum,
847 2550 932 2626 qrrasi
945 2548 1066 2609 eederet

56 2637 200 2699 hostibus.
229 2644 260 2697 et
277 2637 403 2697 feminae
421 2639 452 2696 in
467 2636 598 2696 lurorem
614 2635 749 2696 turbatae
762 2635 866 2696 adesse
881 2637 1004 2697 exitium
1018 2655 1065 2697 ca-

58 2725 179 2806 nebant,
197 2733 395 2805 externosque
414 2725 551 2785 fremitus
570 2727 601 2785 in
620 2725 703 2784 curia
720 2741 825 2784 eorum
843 2724 974 2807 auditos,
996 2744 1065 2787 con·

56 2816 193 2876 sonuisse
213 2812 372 2875 ululatibus
391 2812 540 2875 theatrum
559 2815 710 2892 visamque
729 2814 858 2891 speciem
872 2815 903 2874 in
916 2817 1064 2876 aestuario
1080 2831 1092 2871 5

57 2904 197 2964 Tamesae
217 2903 374 2963 subversae
394 2902 539 2964 coloniae:
558 2904 616 2963 iam
634 2900 771 2963 Oceanus
789 2909 914 2963 cruento
934 2912 1065 2984 aspectu,

127 3111 173 3178 al,
190 3116 203 3164 1
220 3111 364 3165 Icenorum
373 3109 525 3165 Rhenanus
540 3110 613 3179 (item
622 3108 723 3178 introi:
738 3107 885 3179 igonorum
901 3112 905 3172 l
921 3115 1064 3178 Stagnum

55 3185 92 3238 ol.
109 3186 113 3249 Ι
130 3189 145 3237 5
165 3179 308 3236 Boudicca
325 3179 421 3237 Haase
439 3184 481 3252 (ut
500 3180 573 3237 Med.
594 3183 652 3250 37):
670 3179 815 3250 boodicia,
840 3182 881 3236 sic
898 3181 961 3234 item
979 3197 1000 3236 e.
1021 3183 1065 3248 35,

55 3255 105 3308 obi
124 3253 167 3308 M.
185 3251 331 3308 bouducca
355 3255 360 3321 t
386 3259 401 3308 ⁷
420 3249 523 3320 quasi.
540 3250 736 3322 accepissent
758 3255 791 3306 oi
806 3251 937 3321 possano
953 3251 1067 3306 inclusit

58 3323 226 3396 Nipperdey,
245 3329 310 3393 post
328 3321 443 3378 deducti
461 3324 496 3393 (o.
515 3325 561 3392 14)
579 3323 675 3392 posuit
693 3321 803 3388 Horam
828 3322 930 3395 morae
953 3323 1067 3378 arcbueti

55 3395 172 3450 mutatio
189 3395 334 3464 offensioni
351 3394 428 3462 aaut
446 3400 476 3449 11
493 3391 709 3460 trinouantibus,
728 3393 801 3463 quod
809 3392 940 3462 probavit
955 3391 1063 3465 Gldekl

59 3471 91 3519 ta
110 3463 193 3519 fracti
205 3468 349 3536 Aprieolo:
368 3464 438 3520 facti
453 3469 458 3533 Ι
473 3464 519 3531 82,
538 3471 554 3519 3
573 3463 674 3531 furore,
693 3480 741 3519 em.
756 3462 885 3520 Faernus
900 3465 904 3535 l
920 3467 938 3516 4
954 3463 1066 3518 noctur·

56 3550 165 3604 nosque
183 3536 324 3594 Andreseo
343 3539 402 3594 coll.
424 3535 503 3593 Ooa'd.
523 3535 634 3592 Metam.
655 3533 721 3602 XV,
735 3537 791 3592 797
805 3535 811 3604 Ι
826 3540 842 3591 b
857 3535 986 3605 aspectus
1000 3540 1016 3590 1
1030 3553 1065 3591 m.
