2392 3876
73 181 110 228 IV
471 180 677 228 PRAEFATIO.

73 307 179 386 dignas
205 309 391 384 putaremus,
420 308 472 368 sod
492 310 529 368 ut
551 308 604 386 qui
625 309 755 372 editione
776 312 881 373 nostra
901 292 1028 374 utentur
1051 315 1084 374 in

72 397 147 457 locis
162 396 310 473 corruptis
324 399 378 456 aut
391 396 538 474 suspectis
555 396 693 459 viderent
711 398 784 476 quid
801 417 918 478 quoque
936 400 1002 462 loco
1020 402 1084 462 iam

73 486 111 544 ab
135 485 202 546 aliis
225 484 337 544 criticis
354 486 505 546 tentatum
522 487 609 547 esset.
644 484 707 547 Nec
725 486 885 565 quisquam
899 490 1018 548 tantam
1036 491 1082 550 in-

73 573 154 651 genii
172 573 266 634 aciem
283 575 337 633 aut
352 572 457 634 iudicii
475 572 674 635 subtilitatem
692 574 750 636 sibi
765 575 932 654 adrogabit,
949 579 995 654 ut,
1012 597 1083 638 cum

72 662 105 721 in
126 661 224 722 Taciti
246 661 331 721 libris
353 664 401 722 tot
422 661 481 723 loci
503 662 623 723 obscuri
644 665 699 723 aut
720 663 855 740 corrupti
877 663 947 732 sint,
969 666 1082 743 ubique

72 770 177 811 verum
191 752 244 810 aut
258 750 337 828 quod
351 750 507 810 adrerum
519 750 653 828 proxime
667 751 782 813 secedit
795 769 868 814 sano
885 751 997 813 iudicio
1017 772 1082 814 sese

72 838 183 899 vidisse
207 840 261 898 aut
283 838 408 916 elegisse
431 838 576 900 adfirmet.
620 839 667 900 De
687 840 778 901 rebus
801 843 902 900 autem
924 843 1082 918 orthogra-

72 928 169 1003 phicis
192 944 266 1004 quas
288 929 398 987 vocant
419 944 470 988 eas
492 926 642 989 scribendi
660 928 782 1005 formas,
804 946 880 1007 quas
897 928 931 989 in
947 928 1081 990 Mediceo

72 1016 179 1092 primo,
197 1014 249 1094 qui
266 1032 318 1075 sex
335 1014 428 1076 libros
440 1013 557 1093 priores
570 1015 724 1078 annalium
740 1017 839 1094 habet,
856 1016 987 1077 traditae
1001 1022 1082 1094 sunt,
1118 1007 1121 1014 ’

72 1122 127 1180 per
147 1103 280 1181 reliquos
302 1121 419 1181 quoque
445 1103 538 1164 libros
561 1103 722 1166 servandas
744 1121 808 1165 esse
831 1104 1082 1182 existimavimus3

72 1192 124 1250 ille
147 1191 226 1250 enim
248 1191 339 1252 codex
362 1194 392 1250 et
415 1191 639 1269 antiquissimus
662 1194 709 1253 est
731 1195 761 1252 et
788 1210 838 1252 eas
862 1194 894 1252 in
921 1194 968 1253 his
990 1195 1082 1254 rebus

73 1281 237 1356 scripturas
252 1279 384 1356 exhibet,
407 1297 481 1356 quas
495 1279 576 1357 apud
587 1279 737 1342 Romanos
750 1277 854 1341 in'usu
874 1281 967 1341 fuisse
990 1283 1083 1342 certis

71 1368 253 1429 testimoniis
267 1368 337 1454 iam
358 1368 420 1427 fere
443 1368 669 1445 comprobatum
691 1371 745 1429 est.

160 1492 197 1552 D.
219 1490 371 1552 Monachii
392 1509 492 1551 meuse
515 1490 655 1572 Augusto
679 1511 704 1552 a.
727 1463 936 1552 MDOOCLVL

160 1740 197 1799 In
233 1738 330 1798 Taciti
365 1737 451 1798 libris
486 1739 597 1797 iterum
631 1737 879 1816 recognoscendis
917 1736 1083 1797 familiares

72 1827 216 1888 Canonus
238 1826 389 1886 Hauauus
417 1829 447 1885 et
474 1825 647 1887 sacraene
669 1825 901 1885 Wosurrrruus
930 1843 962 1884 rc
990 1827 1083 1902 atque

72 1916 204 1976 consiliis
226 1933 273 1974 me
297 1913 416 1991 egregie
439 1913 627 1986 adiuvcnmt,
651 1912 759 1989 quibus
782 1912 897 1990 gratias
915 1931 971 1991 ago
990 1931 1083 1990 quam

71 2017 224 2064 mammas.

159 2123 310 2185 Monachii
331 2141 431 2204 mense
455 2122 599 2182 Januario
623 2140 649 2182 a.
672 2120 939 2183 MDccsaxxm,

161 2371 235 2431 Cum
252 2371 374 2431 tabulae
393 2371 596 2447 stereotypae,
615 2369 724 2447 quibus
744 2369 842 2429 Taciti
860 2368 931 2427 libri
950 2369 1082 2444 expressi

73 2465 151 2538 sunt,
165 2461 260 2520 multo
274 2478 333 2520 usu
346 2459 474 2519 detritae
488 2458 675 2521 renovandae
690 2461 797 2534 essent,
812 2458 849 2517 ab
863 2455 1082 2516 honestissimis

72 2550 204 2610 librariis
222 2549 310 2609 facile
327 2546 496 2626 impetrari,
514 2550 550 2608 ut
563 2547 786 2608 adnotationem
800 2544 936 2604 criticam
949 2545 988 2603 ad
1001 2563 1082 2603 com-

71 2639 237 2699 modiorem
257 2637 424 2718 legentium
444 2653 534 2696 usum
554 2636 654 2698 verbis
681 2635 755 2714 ipsis
778 2632 910 2693 auctoris
934 2632 1082 2691 subicien-

73 2729 298 2787 damcurarent.
321 2725 452 2785 Inlibris
462 2726 563 2784 autem
572 2721 817 2802 recognoscendis
826 2720 946 2798 egregie
960 2720 1083 2780 adiutus

73 2836 140 2876 sum
161 2814 358 2875 relationibus
381 2813 487 2875 annuis
510 2806 752 2893 (Jcbresbcricbte
770 2812 821 2871 der
842 2808 1008 2882 thtsobra'ft
1030 2810 1083 2880 fiir

73 2907 127 2966 dos
141 2895 431 2983 Gyomcstalwcscc),
444 2900 598 2979 inquibus
613 2900 772 2962 (leoncius
783 2897 955 2956 Anorrsru
969 2895 1084 2970 scripta

8 3059 10 3062 ,
74 2993 113 3053 ad
125 2992 265 3053 Tacitum
281 2991 474 3068 pertinentia,
494 3008 570 3066 quae
588 2990 635 3049 his
653 2986 812 3066 postremis
831 2983 917 3043 annis
934 2983 966 3042 in
984 2983 1084 3041 lucem

73 3083 182 3144 emissa
204 3082 288 3153 sunt,
312 3079 416 3140 sedulo
440 3078 626 3138 enumeravit
649 3092 780 3151 sanoque
802 3071 912 3131 iudicio
937 3071 991 3130 sub
1015 3087 1082 3128 cen-

74 3190 141 3232 sum
162 3169 289 3232 vocarit.

162 3293 199 3353 D.
221 3290 371 3352 Monachii
393 3307 494 3351 mense
517 3287 663 3348 Januario
686 3303 711 3344 a.
735 3270 1016 3343 MDOOOLXXXII.

722 3428 863 3484 Oarolus
885 3424 995 3483 Halm.
