2408 3870
278 183 325 236 AB
345 180 506 236 EXCESSU
524 179 679 235 AUGUSTI
698 181 769 235 XVI.
790 188 868 236 2-7.
1018 181 1083 246 359

73 336 188 413 antiqui
211 334 301 393 moris
324 333 471 392 retinente
490 330 586 410 ltalia,
612 333 723 410 quique
745 348 800 409 per
822 330 997 410 longinquas
1016 346 1084 408 pro-

74 426 185 483 vincias
203 420 321 482 lascivia
339 419 487 498 inexperti
508 419 605 480 officio
620 418 799 498 legationum
814 427 864 479 aut
877 417 1085 498 privata'utili·
1135 469 1137 472 ,

74 519 133 572 tate
148 510 339 588 advenerant,
358 525 455 587 neque
469 515 622 586 aspectum
641 507 722 568 illum
740 507 864 568 tolerare
879 525 976 586 neque
990 505 1086 566 labori

75 600 230 661 inhonesto
245 597 397 676 sufficere,
416 613 484 657 oum
502 595 639 656 manibus
653 597 763 657 nesciis
782 595 966 676 fatiscerent,
986 594 1112 654 turba-o

76 696 142 748 rent
160 703 267 765 gnaros
286 705 319 746 ao
335 700 422 763 saepe
436 703 452 744 a
467 683 610 746 militibus
628 684 871 764 verberarentur,
892 685 944 763 qui
962 700 1016 763 per
1034 700 1085 744 cu·

75 793 147 837 neos
168 774 298 854 stabant,
323 790 361 833 ne
381 772 461 852 quod
480 775 622 852 temporis
642 780 824 850 momentum
842 773 939 852 inpari
957 770 1085 832 clamore

75 871 125 924 aut
144 861 261 923 silentio
281 862 364 940 segni
382 862 568 939 praeteriret.
609 864 743 923 constitit
766 861 923 940 plerosque
943 862 1085 940 equitum,

76 953 145 1012 dum
160 968 214 1028 per
228 951 378 1027 angustias
392 949 490 1009 aditus
501 955 530 1009 et
542 951 729 1026 ingruentem
741 949 960 1010 multitudinem
970 949 1086 1008 enitun-

30 1045 36 1054 ‘
76 1048 138 1118 tur,
157 1037 296 1117 obtritos,
315 1044 345 1096 et
359 1036 445 1116 alios,
467 1036 538 1097 dum
551 1036 630 1098 diem
643 1045 820 1117 noctemque
835 1037 978 1098 sedilibus
992 1037 1085 1097 conti·
1102 1052 1127 1091 10

77 1136 176 1206 nuent,
191 1123 294 1186 morbo
310 1123 453 1186 exitiabili
466 1133 628 1204 correptos.
661 1128 771 1205 quippe
787 1128 904 1204 gravior
917 1128 1013 1186 inerat
1027 1141 1087 1185 me·

76 1223 138 1293 tus,
163 1215 189 1274 si
212 1212 380 1292 spectaculo
400 1211 577 1293 defuissent,
602 1212 703 1274 multis
721 1212 816 1293 palam
836 1222 866 1274 et
884 1213 1021 1292 pluribus
1040 1231 1087 1274 oc·

76 1300 687 1383 cultis,utnominaacvultus,alaoritatem
698 1302 908 1380 tristitiamque
917 1303 1087 1362 coerentium

76 1398 291 1452 scrutarentur.
320 1389 398 1449 unde
414 1388 600 1450 tenuioribus
615 1392 714 1450 statim
728 1391 860 1467 inrogata
872 1389 1025 1468 supplicia,
1039 1389 1087 1449 ad-

78 1496 196 1540 versum
214 1477 356 1537 inlustres
375 1477 592 1538 dissimulatum
606 1479 641 1538 ad
657 1494 798 1556 praesens
812 1484 842 1536 et
856 1494 924 1537 mox
938 1476 1088 1536 redditum
1104 1491 1129 1532 rs

76 1567 187 1627 odium.
224 1564 418 1644 ferebantque
440 1564 662 1647 Vespasianum,
682 1573 831 1645 tamquam
851 1583 953 1625 somno
973 1566 1088 1625 conive-

78 1663 132 1733 ret,
148 1653 292 1714 anoebo
307 1652 414 1713 liberto
429 1655 608 1733 increpitum
619 1671 764 1732 aegreque
779 1652 933 1714 meliorum
949 1652 1088 1731 precibus

76 1741 243 1819 obtectum,
264 1758 330 1799 mox
349 1743 542 1802 inminentem
560 1743 724 1820 perniciem
738 1743 849 1802 maiore
868 1743 927 1802 fato
942 1740 1088 1821 effugisse.

146 1827 174 1890 6.
196 1827 263 1887 Post
279 1828 367 1887 linem
383 1828 491 1889 ludicri
504 1827 640 1907 Poppaea
653 1837 780 1890 mortem
794 1827 875 1909 obiit,
895 1830 1016 1889 fortuita
1030 1848 1089 1890 ma·

80 1920 129 1978 riti
149 1915 313 1995 iracundia,
332 1933 348 1976 a
367 1934 426 1995 quo
445 1916 564 1995 gravida
583 1920 644 1978 ictu
663 1917 752 1977 calcis
771 1916 887 1977 adflicta
907 1924 960 1977 est.
993 1936 1089 1998 neque

79 2007 158 2066 onim
177 2021 324 2065 venenum
345 2004 536 2085 crediderim,
560 2007 694 2085 quamvis
714 2005 832 2084 quidam
852 2008 1013 2083 scriptores
1032 2014 1090 2068 tra·

77 2095 157 2173 dant,
173 2092 239 2153 odio
254 2094 347 2170 magis
362 2111 450 2171 qnam
465 2111 499 2154 ex
520 2092 591 2154 fide:
613 2096 722 2173 quippe
741 2092 904 2154 liberorum
922 2096 1047 2172 cupiens
1060 2104 1091 2155 ct

80 2184 173 2261 amori
197 2183 298 2241 uxoris
321 2180 467 2242 obnoxius
487 2189 557 2242 erat.
595 2200 704 2262 corpus
723 2200 782 2241 non
802 2184 864 2260 igni
882 2181 1038 2264 abolitum,
1056 2192 1117 2244 uta

78 2270 230 2328 Romanus
248 2286 325 2349 mos,
349 2269 400 2330 sed
421 2288 523 2348 regum
543 2278 734 2332 externorum
754 2271 969 2333 consuetudine
994 2272 1090 2332 difler-

78 2365 144 2416 tum
159 2355 300 2415 odoribus
314 2356 452 2416 conditur
466 2357 640 2437 tumuloque
655 2358 797 2419 luliorum
816 2360 951 2420 infertur.
985 2358 1091 2421 ductae

80 2452 178 2504 tamen
193 2441 329 2520 publicae
343 2446 514 2524 exsequiae,
532 2443 718 2524 laudavitque
737 2449 801 2524 ipse
820 2445 898 2524 apud
918 2455 1014 2506 rostra
1033 2449 1091 2508 for-

79 2549 158 2592 mam
173 2532 237 2590 eius
252 2538 282 2590 et
296 2530 374 2609 quod
389 2530 504 2590 divinae
520 2531 639 2592 infantis
653 2551 761 2610 parens
776 2534 881 2594 fuisset
899 2533 1013 2612 aliaque
1033 2535 1090 2596 for-

79 2628 170 2680 tunae
185 2635 307 2678 munera
321 2636 376 2697 pro
391 2618 560 2680 virtutibus.
1106 2640 1133 2680 ro

150 2706 177 2767 i.
196 2706 321 2766 Mortem
335 2705 487 2786 Poppaeae
502 2716 535 2768 ut
552 2707 647 2788 palam
663 2711 791 2788 tristem,
811 2710 851 2768 ita
865 2709 1092 2772 recordantibus

82 2796 188 2856 laetam
204 2795 241 2854 ob
261 2793 466 2874 inpudicitiam
484 2798 549 2857 eius
569 2798 791 2877 saevitiamque,
810 2815 883 2859 nova
906 2800 1030 2876 insuper
1047 2802 1092 2860 in·
1121 2825 1123 2828 ·

83 2884 157 2943 vidia
182 2882 259 2943 Nero
283 2882 441 2963 complevit
463 2883 648 2962 prohibendo
672 2884 702 2946 C.
727 2885 861 2946 Cassium
886 2886 984 2946 officio
1009 2904 1091 2948 exse·

80 2973 232 3050 quiarum,
252 2971 330 3050 quod
349 2974 477 3049 primum
496 2973 639 3033 indicium
654 2972 730 3034 mali.
759 2992 855 3052 neque
869 2975 900 3034 ln
915 2974 1036 3052 longum
1050 2977 1091 3036 di·

81 3059 173 3119 latum
189 3066 246 3136 est,
262 3058 314 3119 sed
330 3059 446 3121 Silanus
461 3061 594 3142 additur,
609 3061 692 3122 nullo
704 3064 841 3140 crimine,
856 3064 915 3122 nisi
930 3061 1009 3141 quod
1024 3062 1119 3124 Cas-s

80 3149 144 3207 sius
164 3146 270 3224 opibus
291 3151 414 3209 vetustis
433 3158 462 3209 et
477 3152 619 3228 gravitate
634 3168 763 3231 morum,
784 3149 902 3210 Silanus
916 3149 1092 3212 claritudine

152 3297 178 3365 5,
199 3307 214 3352 2
234 3299 402 3368 longinquas
423 3301 561 3356 Muretus:
581 3301 700 3370 lonquas
716 3306 752 3368 13
772 3299 891 3356 lasciuia
910 3301 1025 3372 experti,
1043 3321 1092 3359 em.

84 3367 116 3449 (ς’.
136 3369 202 3450 ,ono
220 3371 307 3426 divin.
327 3371 387 3426 Lio.
403 3388 434 3452 p.
454 3373 544 3440 4114
561 3371 653 3426 labori
671 3372 834 3428 Rbeooonnsa
859 3371 1008 3437 laboretis
1028 3390 1092 3428 con·

80 3440 159 3491 sistit
180 3443 185 3507 Ι
210 3439 237 3508 d,
257 3447 273 3495 6
292 3439 426 3495 Romanis
445 3441 622 3498 Kellerbauer
647 3443 652 3509 Ι
678 3442 702 3507 l,
724 3449 737 3496 1
756 3441 862 3496 laetam
880 3443 1093 3500 recordantibus

81 3508 196 3565 Ernesti
210 3513 215 3578 1
231 3516 248 3564 4
267 3510 371 3565 dilatus
392 3512 552 3580 sedatius,
570 3519 602 3568 ul
619 3519 657 3569 est
675 3518 701 3580 4,
721 3518 758 3569 19
