<?xml version="1.0" encoding="UTF-8"?>
<!DOCTYPE html PUBLIC "-//W3C//DTD XHTML 1.0 Transitional//EN"
    "http://www.w3.org/TR/xhtml1/DTD/xhtml1-transitional.dtd">
<html xmlns="http://www.w3.org/1999/xhtml" xml:lang="en" lang="en">
 <head>
  <title>
</title>
<meta http-equiv="Content-Type" content="text/html;charset=utf-8" />
  <meta name='ocr-system' content='tesseract 3.04.00' />
  <meta name='ocr-capabilities' content='ocr_page ocr_carea ocr_par ocr_line ocrx_word'/>
</head>
<body>
  <div class='ocr_page' id='page_1' title='image "./libriquisupersu00halmgoog_0034.png"; bbox 0 0 2392 3876; ppageno 0'>
   <div class='ocr_carea' id='block_1_1' title="bbox 271 187 1070 271">
    <p class='ocr_par' dir='ltr' id='par_1_1' title="bbox 271 187 1070 271">
     <span class='ocr_line' id='line_1_1' title="bbox 271 187 1070 271; baseline -0.005 -26"><span class='ocrx_word' id='word_1_1' title='bbox 271 191 318 246; x_wconf 91' lang='lat' dir='ltr'>AB</span> <span class='ocrx_word' id='word_1_2' title='bbox 336 189 496 271; x_wconf 82' lang='lat' dir='ltr'>EXCESSU</span> <span class='ocrx_word' id='word_1_3' title='bbox 513 187 669 244; x_wconf 77' lang='lat' dir='ltr'><strong>AUGUSTI</strong></span> <span class='ocrx_word' id='word_1_4' title='bbox 688 189 709 243; x_wconf 94' lang='lat' dir='ltr'>I.</span> <span class='ocrx_word' id='word_1_5' title='bbox 729 194 842 244; x_wconf 78' lang='lat' dir='ltr'>atr-42.</span> <span class='ocrx_word' id='word_1_6' title='bbox 1027 187 1070 250; x_wconf 84' lang='grc'>23</span> 
     </span>
    </p>
   </div>
   <div class='ocr_carea' id='block_1_2' title="bbox 19 335 1171 3063">
    <p class='ocr_par' dir='ltr' id='par_1_2' title="bbox 19 335 1171 3063">
     <span class='ocr_line' id='line_1_2' title="bbox 59 335 1096 417; baseline -0.015 -11"><span class='ocrx_word' id='word_1_7' title='bbox 59 345 208 406; x_wconf 91' lang='lat' dir='ltr'>turionem</span> <span class='ocrx_word' id='word_1_8' title='bbox 222 339 257 400; x_wconf 91' lang='lat' dir='ltr'>ad</span> <span class='ocrx_word' id='word_1_9' title='bbox 270 338 406 417; x_wconf 90' lang='lat' dir='ltr'>tutelam,</span> <span class='ocrx_word' id='word_1_10' title='bbox 426 355 486 398; x_wconf 91' lang='lat' dir='ltr'>non</span> <span class='ocrx_word' id='word_1_11' title='bbox 499 335 638 416; x_wconf 91' lang='lat' dir='ltr'>militem,</span> <span class='ocrx_word' id='word_1_12' title='bbox 655 335 731 398; x_wconf 92' lang='lat' dir='ltr'>nihil</span> <span class='ocrx_word' id='word_1_13' title='bbox 745 337 952 414; x_wconf 77' lang='lat' dir='ltr'>imperatoriae</span> <span class='ocrx_word' id='word_1_14' title='bbox 966 337 1069 396; x_wconf 91' lang='lat' dir='ltr'>uxoris</span> <span class='ocrx_word' id='word_1_15' title='bbox 1083 350 1096 390; x_wconf 82' lang='lat' dir='ltr'>a</span> 
     </span>
     <span class='ocr_line' id='line_1_3' title="bbox 59 423 1069 505; baseline -0.01 -12"><span class='ocrx_word' id='word_1_16' title='bbox 59 439 110 493; x_wconf 91' lang='lat' dir='ltr'>aut</span> <span class='ocrx_word' id='word_1_17' title='bbox 127 432 283 492; x_wconf 79' lang='lat' dir='ltr'>comitatus</span> <span class='ocrx_word' id='word_1_18' title='bbox 301 426 393 487; x_wconf 88' lang='lat' dir='ltr'>soliti:</span> <span class='ocrx_word' id='word_1_19' title='bbox 410 443 536 505; x_wconf 81' lang='lat' dir='ltr'>pergere</span> <span class='ocrx_word' id='word_1_20' title='bbox 551 423 587 486; x_wconf 88' lang='lat' dir='ltr'>ad</span> <span class='ocrx_word' id='word_1_21' title='bbox 601 423 747 485; x_wconf 86' lang='lat' dir='ltr'>Treveros</span> <span class='ocrx_word' id='word_1_22' title='bbox 763 423 822 501; x_wconf 93' lang='lat' dir='ltr'>[et]</span> <span class='ocrx_word' id='word_1_23' title='bbox 837 431 977 484; x_wconf 76' lang='lat' dir='ltr'>externae</span> <span class='ocrx_word' id='word_1_24' title='bbox 992 423 1069 484; x_wconf 86' lang='lat' dir='ltr'>fidei.</span> 
     </span>
     <span class='ocr_line' id='line_1_4' title="bbox 59 512 1068 600; baseline -0.009 -19"><span class='ocrx_word' id='word_1_25' title='bbox 59 519 156 600; x_wconf 91' lang='lat' dir='ltr'>pudor</span> <span class='ocrx_word' id='word_1_26' title='bbox 176 516 245 578; x_wconf 91' lang='lat' dir='ltr'>inde</span> <span class='ocrx_word' id='word_1_27' title='bbox 263 524 294 576; x_wconf 88' lang='lat' dir='ltr'>et</span> <span class='ocrx_word' id='word_1_28' title='bbox 307 517 462 576; x_wconf 86' lang='lat' dir='ltr'>miseratio</span> <span class='ocrx_word' id='word_1_29' title='bbox 481 522 511 574; x_wconf 93' lang='lat' dir='ltr'>et</span> <span class='ocrx_word' id='word_1_30' title='bbox 524 515 618 591; x_wconf 91' lang='lat' dir='ltr'>patris</span> <span class='ocrx_word' id='word_1_31' title='bbox 632 512 793 592; x_wconf 78' lang='lat' dir='ltr'>Agrippae,</span> <span class='ocrx_word' id='word_1_32' title='bbox 808 513 934 590; x_wconf 79' lang='lat' dir='ltr'>Augusti</span> <span class='ocrx_word' id='word_1_33' title='bbox 949 515 996 572; x_wconf 88' lang='lat' dir='ltr'>avi</span> <span class='ocrx_word' id='word_1_34' title='bbox 1009 530 1068 572; x_wconf 89' lang='lat' dir='ltr'>me-</span> 
     </span>
     <span class='ocr_line' id='line_1_5' title="bbox 59 597 1069 685; baseline -0.009 -16"><span class='ocrx_word' id='word_1_35' title='bbox 59 609 167 685; x_wconf 84' lang='lat' dir='ltr'>morie,</span> <span class='ocrx_word' id='word_1_36' title='bbox 186 623 271 666; x_wconf 87' lang='lat' dir='ltr'>socer</span> <span class='ocrx_word' id='word_1_37' title='bbox 289 603 414 682; x_wconf 83' lang='lat' dir='ltr'>Drusus,</span> <span class='ocrx_word' id='word_1_38' title='bbox 427 605 492 681; x_wconf 91' lang='lat' dir='ltr'>ipsa</span> <span class='ocrx_word' id='word_1_39' title='bbox 505 603 615 680; x_wconf 82' lang='lat' dir='ltr'>insigni</span> <span class='ocrx_word' id='word_1_40' title='bbox 633 597 827 680; x_wconf 79' lang='lat' dir='ltr'>fecunditate,</span> <span class='ocrx_word' id='word_1_41' title='bbox 846 600 998 679; x_wconf 90' lang='lat' dir='ltr'>praeclara</span> <span class='ocrx_word' id='word_1_42' title='bbox 1016 618 1069 678; x_wconf 94' lang='lat' dir='ltr'>pu-</span> 
     </span>
     <span class='ocr_line' id='line_1_6' title="bbox 60 688 1171 775; baseline -0.009 -17"><span class='ocrx_word' id='word_1_43' title='bbox 60 698 174 775; x_wconf 80' lang='lat' dir='ltr'>dicitia3</span> <span class='ocrx_word' id='word_1_44' title='bbox 196 696 255 754; x_wconf 92' lang='lat' dir='ltr'>lam</span> <span class='ocrx_word' id='word_1_45' title='bbox 273 692 370 753; x_wconf 85' lang='lat' dir='ltr'>inians</span> <span class='ocrx_word' id='word_1_46' title='bbox 388 693 419 752; x_wconf 92' lang='lat' dir='ltr'>in</span> <span class='ocrx_word' id='word_1_47' title='bbox 439 692 544 751; x_wconf 91' lang='lat' dir='ltr'>castris</span> <span class='ocrx_word' id='word_1_48' title='bbox 562 691 694 770; x_wconf 89' lang='lat' dir='ltr'>genitus,</span> <span class='ocrx_word' id='word_1_49' title='bbox 716 691 747 750; x_wconf 93' lang='lat' dir='ltr'>in</span> <span class='ocrx_word' id='word_1_50' title='bbox 767 688 962 750; x_wconf 89' lang='lat' dir='ltr'>contubernio</span> <span class='ocrx_word' id='word_1_51' title='bbox 981 688 1070 766; x_wconf 91' lang='lat' dir='ltr'>legio-</span> <span class='ocrx_word' id='word_1_52' title='bbox 1166 725 1171 733; x_wconf 89' lang='lat'><em>-</em></span> 
     </span>
     <span class='ocr_line' id='line_1_7' title="bbox 60 776 1108 861; baseline -0.012 -14"><span class='ocrx_word' id='word_1_53' title='bbox 60 803 133 847; x_wconf 89' lang='lat' dir='ltr'>num</span> <span class='ocrx_word' id='word_1_54' title='bbox 151 783 289 861; x_wconf 89' lang='lat' dir='ltr'>eductus,</span> <span class='ocrx_word' id='word_1_55' title='bbox 309 798 397 860; x_wconf 85' lang='lat' dir='ltr'>quem</span> <span class='ocrx_word' id='word_1_56' title='bbox 411 779 531 840; x_wconf 89' lang='lat' dir='ltr'>militari</span> <span class='ocrx_word' id='word_1_57' title='bbox 544 778 686 839; x_wconf 86' lang='lat' dir='ltr'>vocabulo</span> <span class='ocrx_word' id='word_1_58' title='bbox 701 777 862 855; x_wconf 87' lang='lat' dir='ltr'>Caligulam</span> <span class='ocrx_word' id='word_1_59' title='bbox 875 776 1069 856; x_wconf 89' lang='lat' dir='ltr'>appellabant,</span> <span class='ocrx_word' id='word_1_60' title='bbox 1084 794 1108 834; x_wconf 87' lang='lat'>10</span> 
     </span>
     <span class='ocr_line' id='line_1_8' title="bbox 61 865 1071 953; baseline -0.008 -20"><span class='ocrx_word' id='word_1_61' title='bbox 61 875 131 953; x_wconf 83' lang='lat' dir='ltr'>quia</span> <span class='ocrx_word' id='word_1_62' title='bbox 148 870 323 950; x_wconf 91' lang='lat' dir='ltr'>plerumque</span> <span class='ocrx_word' id='word_1_63' title='bbox 342 868 378 928; x_wconf 90' lang='lat' dir='ltr'>ad</span> <span class='ocrx_word' id='word_1_64' title='bbox 397 867 579 929; x_wconf 88' lang='lat' dir='ltr'>concilianda</span> <span class='ocrx_word' id='word_1_65' title='bbox 598 867 678 945; x_wconf 87' lang='lat' dir='ltr'>vulgi</span> <span class='ocrx_word' id='word_1_66' title='bbox 696 865 794 927; x_wconf 90' lang='lat' dir='ltr'>studia</span> <span class='ocrx_word' id='word_1_67' title='bbox 814 884 849 926; x_wconf 92' lang='lat' dir='ltr'>eo</span> <span class='ocrx_word' id='word_1_68' title='bbox 869 867 997 943; x_wconf 91' lang='lat' dir='ltr'>tegmine</span> <span class='ocrx_word' id='word_1_69' title='bbox 1021 883 1071 944; x_wconf 91' lang='lat' dir='ltr'>pe-</span> 
     </span>
     <span class='ocr_line' id='line_1_9' title="bbox 62 953 1071 1034; baseline -0.008 -13"><span class='ocrx_word' id='word_1_70' title='bbox 62 962 133 1022; x_wconf 92' lang='lat' dir='ltr'>dum</span> <span class='ocrx_word' id='word_1_71' title='bbox 147 957 333 1020; x_wconf 86' lang='lat' dir='ltr'>induebatur.</span> <span class='ocrx_word' id='word_1_72' title='bbox 366 956 418 1016; x_wconf 87' lang='lat' dir='ltr'>sed</span> <span class='ocrx_word' id='word_1_73' title='bbox 436 955 511 1017; x_wconf 89' lang='lat' dir='ltr'>nihil</span> <span class='ocrx_word' id='word_1_74' title='bbox 525 973 617 1034; x_wconf 88' lang='lat' dir='ltr'>aeque</span> <span class='ocrx_word' id='word_1_75' title='bbox 632 955 714 1015; x_wconf 88' lang='lat' dir='ltr'>llexit</span> <span class='ocrx_word' id='word_1_76' title='bbox 728 971 817 1034; x_wconf 92' lang='lat' dir='ltr'>quam</span> <span class='ocrx_word' id='word_1_77' title='bbox 830 953 941 1014; x_wconf 90' lang='lat' dir='ltr'>invidia</span> <span class='ocrx_word' id='word_1_78' title='bbox 954 956 985 1014; x_wconf 93' lang='lat' dir='ltr'>in</span> <span class='ocrx_word' id='word_1_79' title='bbox 1000 953 1071 1013; x_wconf 85' lang='lat' dir='ltr'>Tra-</span> 
     </span>
     <span class='ocr_line' id='line_1_10' title="bbox 63 1043 1071 1124; baseline -0.005 -17"><span class='ocrx_word' id='word_1_80' title='bbox 63 1065 162 1108; x_wconf 89' lang='lat' dir='ltr'>veros:</span> <span class='ocrx_word' id='word_1_81' title='bbox 181 1054 266 1107; x_wconf 87' lang='lat' dir='ltr'>orant</span> <span class='ocrx_word' id='word_1_82' title='bbox 279 1044 441 1124; x_wconf 89' lang='lat' dir='ltr'>obsistunt,</span> <span class='ocrx_word' id='word_1_83' title='bbox 460 1045 572 1104; x_wconf 87' lang='lat' dir='ltr'>rediret</span> <span class='ocrx_word' id='word_1_84' title='bbox 585 1050 731 1123; x_wconf 88' lang='lat' dir='ltr'>maneret,</span> <span class='ocrx_word' id='word_1_85' title='bbox 745 1059 815 1121; x_wconf 92' lang='lat' dir='ltr'>pars</span> <span class='ocrx_word' id='word_1_86' title='bbox 829 1043 1008 1120; x_wconf 78' lang='lat' dir='ltr'>Agrippinae</span> <span class='ocrx_word' id='word_1_87' title='bbox 1023 1059 1071 1102; x_wconf 93' lang='lat' dir='ltr'>oc-</span> 
     </span>
     <span class='ocr_line' id='line_1_11' title="bbox 63 1132 1072 1215; baseline -0.008 -18"><span class='ocrx_word' id='word_1_88' title='bbox 63 1142 229 1215; x_wconf 87' lang='lat' dir='ltr'>cursantes,</span> <span class='ocrx_word' id='word_1_89' title='bbox 252 1133 373 1212; x_wconf 91' lang='lat' dir='ltr'>plurimi</span> <span class='ocrx_word' id='word_1_90' title='bbox 394 1132 431 1193; x_wconf 91' lang='lat' dir='ltr'>ad</span> <span class='ocrx_word' id='word_1_91' title='bbox 452 1133 659 1193; x_wconf 82' lang='lat' dir='ltr'>Germanicam</span> <span class='ocrx_word' id='word_1_92' title='bbox 682 1132 820 1210; x_wconf 90' lang='lat' dir='ltr'>regressi.</span> <span class='ocrx_word' id='word_1_93' title='bbox 852 1132 938 1208; x_wconf 90' lang='lat' dir='ltr'>isque</span> <span class='ocrx_word' id='word_1_94' title='bbox 957 1138 991 1190; x_wconf 91' lang='lat' dir='ltr'>ut</span> <span class='ocrx_word' id='word_1_95' title='bbox 1009 1138 1072 1190; x_wconf 90' lang='lat' dir='ltr'>erat</span> 
     </span>
     <span class='ocr_line' id='line_1_12' title="bbox 62 1221 1112 1302; baseline -0.01 -17"><span class='ocrx_word' id='word_1_96' title='bbox 62 1242 167 1287; x_wconf 87' lang='lat' dir='ltr'>recens</span> <span class='ocrx_word' id='word_1_97' title='bbox 182 1223 286 1284; x_wconf 91' lang='lat' dir='ltr'>dolore</span> <span class='ocrx_word' id='word_1_98' title='bbox 299 1230 330 1282; x_wconf 91' lang='lat' dir='ltr'>et</span> <span class='ocrx_word' id='word_1_99' title='bbox 343 1224 399 1302; x_wconf 92' lang='lat' dir='ltr'>ira,</span> <span class='ocrx_word' id='word_1_100' title='bbox 414 1221 492 1300; x_wconf 90' lang='lat' dir='ltr'>apud</span> <span class='ocrx_word' id='word_1_101' title='bbox 507 1221 703 1282; x_wconf 73' lang='lat' dir='ltr'>circumfusos</span> <span class='ocrx_word' id='word_1_102' title='bbox 719 1223 759 1281; x_wconf 90' lang='lat' dir='ltr'>ita</span> <span class='ocrx_word' id='word_1_103' title='bbox 774 1221 880 1296; x_wconf 90' lang='lat' dir='ltr'>coepit.</span> <span class='ocrx_word' id='word_1_104' title='bbox 958 1236 999 1282; x_wconf 73' lang='lat' dir='ltr'>as</span> <span class='ocrx_word' id='word_1_105' title='bbox 1087 1234 1112 1275; x_wconf 78' lang='grc' dir='ltr'>ιι</span> 
     </span>
     <span class='ocr_line' id='line_1_13' title="bbox 128 1305 1072 1386; baseline -0.007 -14"><span class='ocrx_word' id='word_1_106' title='bbox 128 1309 180 1372; x_wconf 83' lang='grc'>42.</span> <span class='ocrx_word' id='word_1_107' title='bbox 200 1308 281 1370; x_wconf 73' lang='lat' dir='ltr'>‘Non</span> <span class='ocrx_word' id='word_1_108' title='bbox 299 1309 372 1369; x_wconf 89' lang='lat' dir='ltr'>mihi</span> <span class='ocrx_word' id='word_1_109' title='bbox 390 1327 466 1369; x_wconf 88' lang='lat' dir='ltr'>uxor</span> <span class='ocrx_word' id='word_1_110' title='bbox 484 1315 535 1369; x_wconf 90' lang='lat' dir='ltr'>aut</span> <span class='ocrx_word' id='word_1_111' title='bbox 554 1308 632 1368; x_wconf 87' lang='lat' dir='ltr'>[ilius</span> <span class='ocrx_word' id='word_1_112' title='bbox 651 1317 735 1386; x_wconf 87' lang='lat' dir='ltr'>patro</span> <span class='ocrx_word' id='word_1_113' title='bbox 756 1316 832 1368; x_wconf 86' lang='lat' dir='ltr'>etro</span> <span class='ocrx_word' id='word_1_114' title='bbox 847 1305 1072 1385; x_wconf 90' lang='lat' dir='ltr'>publicacario·</span> 
     </span>
     <span class='ocr_line' id='line_1_14' title="bbox 19 1395 1096 1479; baseline -0.007 -17"><span class='ocrx_word' id='word_1_115' title='bbox 19 1417 21 1428; x_wconf 91' lang='grc'><strong><em>·</em></strong></span> <span class='ocrx_word' id='word_1_116' title='bbox 61 1419 111 1462; x_wconf 87' lang='lat' dir='ltr'>res</span> <span class='ocrx_word' id='word_1_117' title='bbox 126 1407 204 1479; x_wconf 88' lang='lat' dir='ltr'>sunt,</span> <span class='ocrx_word' id='word_1_118' title='bbox 219 1397 271 1458; x_wconf 92' lang='lat' dir='ltr'>sed</span> <span class='ocrx_word' id='word_1_119' title='bbox 285 1395 370 1456; x_wconf 91' lang='lat' dir='ltr'>illum</span> <span class='ocrx_word' id='word_1_120' title='bbox 383 1396 504 1474; x_wconf 89' lang='lat' dir='ltr'>quidem</span> <span class='ocrx_word' id='word_1_121' title='bbox 518 1414 571 1456; x_wconf 88' lang='lat' dir='ltr'>sua</span> <span class='ocrx_word' id='word_1_122' title='bbox 580 1399 727 1476; x_wconf 90' lang='lat' dir='ltr'>maiestas,</span> <span class='ocrx_word' id='word_1_123' title='bbox 740 1397 900 1473; x_wconf 91' lang='lat' dir='ltr'>imperium</span> <span class='ocrx_word' id='word_1_124' title='bbox 908 1395 1074 1455; x_wconf 82' lang='lat' dir='ltr'>Romanum</span> <span class='ocrx_word' id='word_1_125' title='bbox 1088 1404 1096 1421; x_wconf 92' lang='grc'>·</span> 
     </span>
     <span class='ocr_line' id='line_1_15' title="bbox 62 1482 1072 1562; baseline -0.005 -14"><span class='ocrx_word' id='word_1_126' title='bbox 62 1489 157 1548; x_wconf 89' lang='lat' dir='ltr'>ceteri</span> <span class='ocrx_word' id='word_1_127' title='bbox 170 1486 320 1545; x_wconf 89' lang='lat' dir='ltr'>exercitus</span> <span class='ocrx_word' id='word_1_128' title='bbox 334 1483 500 1544; x_wconf 79' lang='lat' dir='ltr'>defendent.</span> <span class='ocrx_word' id='word_1_129' title='bbox 533 1485 687 1561; x_wconf 88' lang='lat' dir='ltr'>coniugem</span> <span class='ocrx_word' id='word_1_130' title='bbox 708 1491 738 1542; x_wconf 90' lang='lat' dir='ltr'>et</span> <span class='ocrx_word' id='word_1_131' title='bbox 756 1482 865 1543; x_wconf 84' lang='lat' dir='ltr'>liberos</span> <span class='ocrx_word' id='word_1_132' title='bbox 883 1501 978 1562; x_wconf 76' lang='lat' dir='ltr'>meos,</span> <span class='ocrx_word' id='word_1_133' title='bbox 998 1501 1072 1562; x_wconf 89' lang='lat' dir='ltr'>quos</span> 
     </span>
     <span class='ocr_line' id='line_1_16' title="bbox 62 1570 1072 1654; baseline -0.004 -20"><span class='ocrx_word' id='word_1_134' title='bbox 62 1592 118 1654; x_wconf 91' lang='lat' dir='ltr'>pro</span> <span class='ocrx_word' id='word_1_135' title='bbox 137 1573 230 1650; x_wconf 90' lang='lat' dir='ltr'>gloria</span> <span class='ocrx_word' id='word_1_136' title='bbox 248 1580 346 1631; x_wconf 86' lang='lat' dir='ltr'>vestra</span> <span class='ocrx_word' id='word_1_137' title='bbox 359 1571 455 1630; x_wconf 89' lang='lat' dir='ltr'>libens</span> <span class='ocrx_word' id='word_1_138' title='bbox 469 1570 505 1630; x_wconf 93' lang='lat' dir='ltr'>ad</span> <span class='ocrx_word' id='word_1_139' title='bbox 520 1573 643 1631; x_wconf 90' lang='lat' dir='ltr'>exitium</span> <span class='ocrx_word' id='word_1_140' title='bbox 657 1570 807 1651; x_wconf 77' lang='lat' dir='ltr'>offerrem,</span> <span class='ocrx_word' id='word_1_141' title='bbox 830 1589 909 1632; x_wconf 91' lang='lat' dir='ltr'>nunc</span> <span class='ocrx_word' id='word_1_142' title='bbox 930 1570 1035 1649; x_wconf 91' lang='lat' dir='ltr'>procul</span> <span class='ocrx_word' id='word_1_143' title='bbox 1056 1590 1072 1630; x_wconf 91' lang='lat' dir='ltr'>a</span> 
     </span>
     <span class='ocr_line' id='line_1_17' title="bbox 64 1658 1100 1738; baseline -0.006 -15"><span class='ocrx_word' id='word_1_144' title='bbox 64 1659 235 1723; x_wconf 81' lang='lat' dir='ltr'>furentibus</span> <span class='ocrx_word' id='word_1_145' title='bbox 245 1675 424 1738; x_wconf 85' lang='lat' dir='ltr'>summoveo,</span> <span class='ocrx_word' id='word_1_146' title='bbox 433 1666 468 1719; x_wconf 91' lang='lat' dir='ltr'>ut</span> <span class='ocrx_word' id='word_1_147' title='bbox 476 1658 620 1738; x_wconf 87' lang='lat' dir='ltr'>quidquid</span> <span class='ocrx_word' id='word_1_148' title='bbox 631 1658 710 1720; x_wconf 92' lang='lat' dir='ltr'>istud</span> <span class='ocrx_word' id='word_1_149' title='bbox 721 1659 842 1720; x_wconf 89' lang='lat' dir='ltr'>sceleris</span> <span class='ocrx_word' id='word_1_150' title='bbox 850 1661 992 1738; x_wconf 87' lang='lat' dir='ltr'>imminet,</span> <span class='ocrx_word' id='word_1_151' title='bbox 1006 1677 1072 1718; x_wconf 90' lang='lat' dir='ltr'>meo</span> <span class='ocrx_word' id='word_1_152' title='bbox 1087 1676 1100 1716; x_wconf 84' lang='lat'><strong>5</strong></span> 
     </span>
     <span class='ocr_line' id='line_1_18' title="bbox 62 1747 1074 1827; baseline -0.005 -16"><span class='ocrx_word' id='word_1_153' title='bbox 62 1757 179 1812; x_wconf 91' lang='lat' dir='ltr'>tantum</span> <span class='ocrx_word' id='word_1_154' title='bbox 189 1748 331 1825; x_wconf 88' lang='lat' dir='ltr'>sanguine</span> <span class='ocrx_word' id='word_1_155' title='bbox 341 1749 449 1827; x_wconf 90' lang='lat' dir='ltr'>pietur,</span> <span class='ocrx_word' id='word_1_156' title='bbox 463 1765 536 1807; x_wconf 87' lang='lat' dir='ltr'>neve</span> <span class='ocrx_word' id='word_1_157' title='bbox 546 1749 663 1808; x_wconf 90' lang='lat' dir='ltr'>occisus</span> <span class='ocrx_word' id='word_1_158' title='bbox 673 1747 799 1825; x_wconf 86' lang='lat' dir='ltr'>Augusti</span> <span class='ocrx_word' id='word_1_159' title='bbox 812 1765 969 1826; x_wconf 90' lang='lat' dir='ltr'>pronepos,</span> <span class='ocrx_word' id='word_1_160' title='bbox 983 1749 1074 1806; x_wconf 90' lang='lat' dir='ltr'>inter·</span> 
     </span>
     <span class='ocr_line' id='line_1_19' title="bbox 63 1836 1074 1915; baseline -0.005 -16"><span class='ocrx_word' id='word_1_161' title='bbox 63 1841 141 1899; x_wconf 87' lang='lat' dir='ltr'>lecta</span> <span class='ocrx_word' id='word_1_162' title='bbox 159 1836 272 1897; x_wconf 82' lang='lat' dir='ltr'>&#39;liberii</span> <span class='ocrx_word' id='word_1_163' title='bbox 289 1853 384 1896; x_wconf 89' lang='lat' dir='ltr'>nurus</span> <span class='ocrx_word' id='word_1_164' title='bbox 402 1837 590 1897; x_wconf 82' lang='lat' dir='ltr'>nocentiores</span> <span class='ocrx_word' id='word_1_165' title='bbox 610 1854 662 1897; x_wconf 86' lang='lat' dir='ltr'>vos</span> <span class='ocrx_word' id='word_1_166' title='bbox 681 1836 797 1897; x_wconf 84' lang='lat' dir='ltr'>iaciant.</span> <span class='ocrx_word' id='word_1_167' title='bbox 830 1836 901 1915; x_wconf 90' lang='lat' dir='ltr'>quid</span> <span class='ocrx_word' id='word_1_168' title='bbox 922 1837 1001 1895; x_wconf 87' lang='lat' dir='ltr'>enim</span> <span class='ocrx_word' id='word_1_169' title='bbox 1020 1853 1074 1913; x_wconf 93' lang='lat' dir='ltr'>per</span> 
     </span>
     <span class='ocr_line' id='line_1_20' title="bbox 61 1921 1073 2004; baseline -0.004 -17"><span class='ocrx_word' id='word_1_170' title='bbox 61 1928 117 1988; x_wconf 89' lang='lat' dir='ltr'>hos</span> <span class='ocrx_word' id='word_1_171' title='bbox 137 1925 201 1986; x_wconf 92' lang='lat' dir='ltr'>dies</span> <span class='ocrx_word' id='word_1_172' title='bbox 223 1927 358 1984; x_wconf 91' lang='lat' dir='ltr'>inausum</span> <span class='ocrx_word' id='word_1_173' title='bbox 379 1925 623 1985; x_wconf 85' lang='lat' dir='ltr'>intemeratumve</span> <span class='ocrx_word' id='word_1_174' title='bbox 641 1921 746 1986; x_wconf 78' lang='lat' dir='ltr'>vohis?</span> <span class='ocrx_word' id='word_1_175' title='bbox 778 1925 857 2004; x_wconf 88' lang='lat' dir='ltr'>quod</span> <span class='ocrx_word' id='word_1_176' title='bbox 877 1941 986 1984; x_wconf 91' lang='lat' dir='ltr'>nomen</span> <span class='ocrx_word' id='word_1_177' title='bbox 1004 1923 1073 1983; x_wconf 89' lang='lat' dir='ltr'>huic</span> 
     </span>
     <span class='ocr_line' id='line_1_21' title="bbox 61 2009 1074 2094; baseline -0.006 -18"><span class='ocrx_word' id='word_1_178' title='bbox 61 2016 162 2077; x_wconf 91' lang='lat' dir='ltr'>coetui</span> <span class='ocrx_word' id='word_1_179' title='bbox 176 2009 273 2075; x_wconf 80' lang='lat' dir='ltr'>dabo?</span> <span class='ocrx_word' id='word_1_180' title='bbox 286 2013 433 2074; x_wconf 90' lang='lat' dir='ltr'>militesne</span> <span class='ocrx_word' id='word_1_181' title='bbox 447 2012 601 2094; x_wconf 83' lang='lat' dir='ltr'>appellem,</span> <span class='ocrx_word' id='word_1_182' title='bbox 615 2015 667 2092; x_wconf 87' lang='lat' dir='ltr'>qui</span> <span class='ocrx_word' id='word_1_183' title='bbox 681 2013 774 2073; x_wconf 86' lang='lat' dir='ltr'>tilium</span> <span class='ocrx_word' id='word_1_184' title='bbox 784 2014 971 2090; x_wconf 89' lang='lat' dir='ltr'>imperatoris</span> <span class='ocrx_word' id='word_1_185' title='bbox 982 2013 1074 2072; x_wconf 90' lang='lat' dir='ltr'>vestri</span> 
     </span>
     <span class='ocr_line' id='line_1_22' title="bbox 62 2098 1114 2181; baseline -0.006 -17"><span class='ocrx_word' id='word_1_186' title='bbox 62 2102 137 2164; x_wconf 86' lang='lat' dir='ltr'>vallo</span> <span class='ocrx_word' id='word_1_187' title='bbox 152 2110 182 2163; x_wconf 89' lang='lat' dir='ltr'>et</span> <span class='ocrx_word' id='word_1_188' title='bbox 195 2103 286 2162; x_wconf 93' lang='lat' dir='ltr'>armis</span> <span class='ocrx_word' id='word_1_189' title='bbox 300 2098 554 2163; x_wconf 79' lang='lat' dir='ltr'>circumsedistis?</span> <span class='ocrx_word' id='word_1_190' title='bbox 578 2119 615 2161; x_wconf 92' lang='lat' dir='ltr'>an</span> <span class='ocrx_word' id='word_1_191' title='bbox 629 2103 723 2181; x_wconf 86' lang='lat' dir='ltr'>cives,</span> <span class='ocrx_word' id='word_1_192' title='bbox 742 2100 852 2180; x_wconf 79' lang='lat' dir='ltr'>qiaibus</span> <span class='ocrx_word' id='word_1_193' title='bbox 867 2109 926 2161; x_wconf 92' lang='lat' dir='ltr'>tam</span> <span class='ocrx_word' id='word_1_194' title='bbox 941 2101 1073 2178; x_wconf 90' lang='lat' dir='ltr'>proiecta</span> <span class='ocrx_word' id='word_1_195' title='bbox 1088 2118 1114 2157; x_wconf 82' lang='grc' dir='ltr'>ιο</span> 
     </span>
     <span class='ocr_line' id='line_1_23' title="bbox 62 2186 1093 2268; baseline -0.004 -16"><span class='ocrx_word' id='word_1_196' title='bbox 62 2199 184 2252; x_wconf 91' lang='lat' dir='ltr'>senatus</span> <span class='ocrx_word' id='word_1_197' title='bbox 199 2186 381 2250; x_wconf 82' lang='lat' dir='ltr'>auctoritas?</span> <span class='ocrx_word' id='word_1_198' title='bbox 394 2189 525 2250; x_wconf 90' lang='lat' dir='ltr'>hostium</span> <span class='ocrx_word' id='word_1_199' title='bbox 539 2207 658 2268; x_wconf 88' lang='lat' dir='ltr'>quoque</span> <span class='ocrx_word' id='word_1_200' title='bbox 672 2191 719 2249; x_wconf 92' lang='lat' dir='ltr'>ius</span> <span class='ocrx_word' id='word_1_201' title='bbox 734 2197 764 2249; x_wconf 91' lang='lat' dir='ltr'>et</span> <span class='ocrx_word' id='word_1_202' title='bbox 778 2207 861 2250; x_wconf 92' lang='lat' dir='ltr'>sacra</span> <span class='ocrx_word' id='word_1_203' title='bbox 875 2188 1029 2266; x_wconf 89' lang='lat' dir='ltr'>legationis</span> <span class='ocrx_word' id='word_1_204' title='bbox 1044 2195 1075 2248; x_wconf 88' lang='lat' dir='ltr'>et</span> <span class='ocrx_word' id='word_1_205' title='bbox 1091 2229 1093 2233; x_wconf 30' lang='grc' dir='ltr'><em>ψ</em></span> 
     </span>
     <span class='ocr_line' id='line_1_24' title="bbox 63 2275 1074 2357; baseline -0.004 -17"><span class='ocrx_word' id='word_1_206' title='bbox 63 2280 107 2340; x_wconf 88' lang='lat' dir='ltr'>ias</span> <span class='ocrx_word' id='word_1_207' title='bbox 122 2280 254 2357; x_wconf 88' lang='lat' dir='ltr'>gentium</span> <span class='ocrx_word' id='word_1_208' title='bbox 268 2279 400 2356; x_wconf 91' lang='lat' dir='ltr'>rupistis.</span> <span class='ocrx_word' id='word_1_209' title='bbox 424 2278 509 2338; x_wconf 91' lang='lat' dir='ltr'>divus</span> <span class='ocrx_word' id='word_1_210' title='bbox 523 2276 616 2338; x_wconf 89' lang='lat' dir='ltr'>lulius</span> <span class='ocrx_word' id='word_1_211' title='bbox 631 2276 807 2337; x_wconf 90' lang='lat' dir='ltr'>seditionem</span> <span class='ocrx_word' id='word_1_212' title='bbox 820 2279 968 2338; x_wconf 90' lang='lat' dir='ltr'>exercitus</span> <span class='ocrx_word' id='word_1_213' title='bbox 984 2275 1074 2337; x_wconf 87' lang='lat' dir='ltr'>verbo</span> 
     </span>
     <span class='ocr_line' id='line_1_25' title="bbox 62 2363 1074 2445; baseline -0.005 -17"><span class='ocrx_word' id='word_1_214' title='bbox 62 2385 124 2428; x_wconf 92' lang='lat' dir='ltr'>uno</span> <span class='ocrx_word' id='word_1_215' title='bbox 138 2367 333 2445; x_wconf 86' lang='lat' dir='ltr'>compescuit,</span> <span class='ocrx_word' id='word_1_216' title='bbox 348 2363 480 2435; x_wconf 83' lang='lat' dir='ltr'>Quirites</span> <span class='ocrx_word' id='word_1_217' title='bbox 500 2365 629 2426; x_wconf 88' lang='lat' dir='ltr'>vocando</span> <span class='ocrx_word' id='word_1_218' title='bbox 648 2367 700 2444; x_wconf 87' lang='lat' dir='ltr'>qui</span> <span class='ocrx_word' id='word_1_219' title='bbox 715 2374 932 2426; x_wconf 90' lang='lat' dir='ltr'>sacramentum</span> <span class='ocrx_word' id='word_1_220' title='bbox 946 2366 1011 2425; x_wconf 91' lang='lat' dir='ltr'>eius</span> <span class='ocrx_word' id='word_1_221' title='bbox 1025 2363 1074 2424; x_wconf 92' lang='lat' dir='ltr'>de-</span> 
     </span>
     <span class='ocr_line' id='line_1_26' title="bbox 62 2452 1074 2532; baseline -0.005 -16"><span class='ocrx_word' id='word_1_222' title='bbox 62 2454 243 2517; x_wconf 89' lang='lat' dir='ltr'>trectabant:</span> <span class='ocrx_word' id='word_1_223' title='bbox 266 2453 352 2514; x_wconf 89' lang='lat' dir='ltr'>divus</span> <span class='ocrx_word' id='word_1_224' title='bbox 370 2454 522 2531; x_wconf 88' lang='lat' dir='ltr'>Augustus</span> <span class='ocrx_word' id='word_1_225' title='bbox 540 2453 623 2514; x_wconf 90' lang='lat' dir='ltr'>vultu</span> <span class='ocrx_word' id='word_1_226' title='bbox 642 2461 673 2513; x_wconf 89' lang='lat' dir='ltr'>et</span> <span class='ocrx_word' id='word_1_227' title='bbox 691 2453 966 2532; x_wconf 83' lang='lat' dir='ltr'>aspectuActiacas</span> <span class='ocrx_word' id='word_1_228' title='bbox 987 2452 1074 2530; x_wconf 91' lang='lat' dir='ltr'>legio-</span> 
     </span>
     <span class='ocr_line' id='line_1_27' title="bbox 63 2540 1114 2622; baseline -0.005 -19"><span class='ocrx_word' id='word_1_229' title='bbox 63 2561 119 2604; x_wconf 89' lang='lat' dir='ltr'>nes</span> <span class='ocrx_word' id='word_1_230' title='bbox 137 2543 294 2603; x_wconf 88' lang='lat' dir='ltr'>exterruit:</span> <span class='ocrx_word' id='word_1_231' title='bbox 313 2560 367 2601; x_wconf 87' lang='lat' dir='ltr'>nos</span> <span class='ocrx_word' id='word_1_232' title='bbox 386 2549 420 2602; x_wconf 89' lang='lat' dir='ltr'>ut</span> <span class='ocrx_word' id='word_1_233' title='bbox 437 2542 569 2602; x_wconf 87' lang='lat' dir='ltr'>nondum</span> <span class='ocrx_word' id='word_1_234' title='bbox 589 2541 720 2622; x_wconf 91' lang='lat' dir='ltr'>eosdem,</span> <span class='ocrx_word' id='word_1_235' title='bbox 743 2544 784 2602; x_wconf 86' lang='lat' dir='ltr'>ita</span> <span class='ocrx_word' id='word_1_236' title='bbox 808 2560 843 2602; x_wconf 91' lang='lat' dir='ltr'>ex</span> <span class='ocrx_word' id='word_1_237' title='bbox 866 2540 924 2601; x_wconf 91' lang='lat' dir='ltr'>illis</span> <span class='ocrx_word' id='word_1_238' title='bbox 948 2548 1030 2599; x_wconf 89' lang='lat' dir='ltr'>ortos</span> <span class='ocrx_word' id='word_1_239' title='bbox 1048 2543 1074 2600; x_wconf 94' lang='lat' dir='ltr'>si</span> <span class='ocrx_word' id='word_1_240' title='bbox 1090 2560 1114 2598; x_wconf 86' lang='lat'>15</span> 
     </span>
     <span class='ocr_line' id='line_1_28' title="bbox 64 2629 1075 2709; baseline -0.002 -18"><span class='ocrx_word' id='word_1_241' title='bbox 64 2631 223 2709; x_wconf 85' lang='lat' dir='ltr'>Hispaniae</span> <span class='ocrx_word' id='word_1_242' title='bbox 238 2630 378 2690; x_wconf 88' lang='lat' dir='ltr'>Suriaeve</span> <span class='ocrx_word' id='word_1_243' title='bbox 393 2629 478 2689; x_wconf 90' lang='lat' dir='ltr'>miles</span> <span class='ocrx_word' id='word_1_244' title='bbox 497 2635 719 2709; x_wconf 87' lang='lat' dir='ltr'>aspernaretur,</span> <span class='ocrx_word' id='word_1_245' title='bbox 738 2639 835 2690; x_wconf 86' lang='lat' dir='ltr'>tamen</span> <span class='ocrx_word' id='word_1_246' title='bbox 855 2630 963 2689; x_wconf 91' lang='lat' dir='ltr'>mirum</span> <span class='ocrx_word' id='word_1_247' title='bbox 983 2634 1013 2687; x_wconf 91' lang='lat' dir='ltr'>et</span> <span class='ocrx_word' id='word_1_248' title='bbox 1032 2629 1075 2689; x_wconf 92' lang='lat' dir='ltr'>in·</span> 
     </span>
     <span class='ocr_line' id='line_1_29' title="bbox 62 2716 1075 2798; baseline -0.005 -18"><span class='ocrx_word' id='word_1_249' title='bbox 62 2720 187 2797; x_wconf 90' lang='lat' dir='ltr'>dignum</span> <span class='ocrx_word' id='word_1_250' title='bbox 209 2724 280 2779; x_wconf 87' lang='lat' dir='ltr'>erat.</span> <span class='ocrx_word' id='word_1_251' title='bbox 316 2719 449 2795; x_wconf 90' lang='lat' dir='ltr'>primane</span> <span class='ocrx_word' id='word_1_252' title='bbox 469 2724 499 2778; x_wconf 87' lang='lat' dir='ltr'>et</span> <span class='ocrx_word' id='word_1_253' title='bbox 522 2719 680 2778; x_wconf 87' lang='lat' dir='ltr'>vicensima</span> <span class='ocrx_word' id='word_1_254' title='bbox 703 2717 847 2798; x_wconf 86' lang='lat' dir='ltr'>legiones,</span> <span class='ocrx_word' id='word_1_255' title='bbox 871 2716 919 2777; x_wconf 92' lang='lat' dir='ltr'>illa</span> <span class='ocrx_word' id='word_1_256' title='bbox 943 2718 1035 2795; x_wconf 88' lang='lat' dir='ltr'>signis</span> <span class='ocrx_word' id='word_1_257' title='bbox 1059 2735 1075 2776; x_wconf 91' lang='lat' dir='ltr'>a</span> 
     </span>
     <span class='ocr_line' id='line_1_30' title="bbox 62 2802 1075 2886; baseline -0.001 -20"><span class='ocrx_word' id='word_1_258' title='bbox 62 2805 184 2867; x_wconf 89' lang='lat' dir='ltr'>Tiberio</span> <span class='ocrx_word' id='word_1_259' title='bbox 198 2808 340 2885; x_wconf 87' lang='lat' dir='ltr'>acceptis,</span> <span class='ocrx_word' id='word_1_260' title='bbox 356 2814 388 2866; x_wconf 94' lang='lat' dir='ltr'>tu</span> <span class='ocrx_word' id='word_1_261' title='bbox 403 2814 446 2866; x_wconf 90' lang='lat' dir='ltr'>tot</span> <span class='ocrx_word' id='word_1_262' title='bbox 460 2802 642 2885; x_wconf 87' lang='lat' dir='ltr'>proeliorum</span> <span class='ocrx_word' id='word_1_263' title='bbox 656 2809 748 2885; x_wconf 91' lang='lat' dir='ltr'>socia,</span> <span class='ocrx_word' id='word_1_264' title='bbox 768 2815 813 2866; x_wconf 91' lang='lat' dir='ltr'>tot</span> <span class='ocrx_word' id='word_1_265' title='bbox 826 2806 966 2885; x_wconf 89' lang='lat' dir='ltr'>praemiis</span> <span class='ocrx_word' id='word_1_266' title='bbox 981 2811 1075 2886; x_wconf 89' lang='lat' dir='ltr'>aucta,</span> 
     </span>
     <span class='ocr_line' id='line_1_31' title="bbox 62 2891 1075 2974; baseline -0.001 -19"><span class='ocrx_word' id='word_1_267' title='bbox 62 2896 214 2974; x_wconf 88' lang='lat' dir='ltr'>egregiam</span> <span class='ocrx_word' id='word_1_268' title='bbox 235 2894 306 2955; x_wconf 92' lang='lat' dir='ltr'>duci</span> <span class='ocrx_word' id='word_1_269' title='bbox 328 2901 427 2954; x_wconf 89' lang='lat' dir='ltr'>vestro</span> <span class='ocrx_word' id='word_1_270' title='bbox 450 2895 573 2972; x_wconf 87' lang='lat' dir='ltr'>gratiam</span> <span class='ocrx_word' id='word_1_271' title='bbox 597 2891 736 2955; x_wconf 77' lang='lat' dir='ltr'>refertis?</span> <span class='ocrx_word' id='word_1_272' title='bbox 759 2895 838 2954; x_wconf 88' lang='lat' dir='ltr'>hunc</span> <span class='ocrx_word' id='word_1_273' title='bbox 862 2913 916 2973; x_wconf 92' lang='lat' dir='ltr'>ego</span> <span class='ocrx_word' id='word_1_274' title='bbox 936 2896 1075 2954; x_wconf 89' lang='lat' dir='ltr'>nuntium</span> 
     </span>
     <span class='ocr_line' id='line_1_32' title="bbox 62 2978 1114 3063; baseline -0.007 -20"><span class='ocrx_word' id='word_1_275' title='bbox 62 2984 154 3063; x_wconf 89' lang='lat' dir='ltr'>patri,</span> <span class='ocrx_word' id='word_1_276' title='bbox 172 2982 248 3044; x_wconf 89' lang='lat' dir='ltr'>laeta</span> <span class='ocrx_word' id='word_1_277' title='bbox 266 2984 364 3043; x_wconf 89' lang='lat' dir='ltr'>omnia</span> <span class='ocrx_word' id='word_1_278' title='bbox 383 2981 448 3042; x_wconf 90' lang='lat' dir='ltr'>aliis</span> <span class='ocrx_word' id='word_1_279' title='bbox 467 3000 483 3042; x_wconf 91' lang='lat' dir='ltr'>e</span> <span class='ocrx_word' id='word_1_280' title='bbox 502 2984 662 3060; x_wconf 87' lang='lat' dir='ltr'>provinciis</span> <span class='ocrx_word' id='word_1_281' title='bbox 677 2983 822 3063; x_wconf 88' lang='lat' dir='ltr'>audienti,</span> <span class='ocrx_word' id='word_1_282' title='bbox 842 2978 957 3044; x_wconf 79' lang='lat' dir='ltr'>ieram?</span> <span class='ocrx_word' id='word_1_283' title='bbox 979 2983 1114 3060; x_wconf 73' lang='lat' dir='ltr'>ipsiusne</span> 
     </span>
    </p>
   </div>
   <div class='ocr_carea' id='block_1_3' title="bbox 62 3072 1076 3151">
    <p class='ocr_par' dir='ltr' id='par_1_3' title="bbox 62 3072 1076 3151">
     <span class='ocr_line' id='line_1_33' title="bbox 62 3072 1076 3151; baseline 0 -18"><span class='ocrx_word' id='word_1_284' title='bbox 62 3074 190 3151; x_wconf 88' lang='lat' dir='ltr'>tirones,</span> <span class='ocrx_word' id='word_1_285' title='bbox 203 3072 299 3150; x_wconf 90' lang='lat' dir='ltr'>ipsius</span> <span class='ocrx_word' id='word_1_286' title='bbox 312 3078 468 3132; x_wconf 87' lang='lat' dir='ltr'>veteranos</span> <span class='ocrx_word' id='word_1_287' title='bbox 481 3088 542 3131; x_wconf 89' lang='lat' dir='ltr'>non</span> <span class='ocrx_word' id='word_1_288' title='bbox 556 3072 710 3151; x_wconf 89' lang='lat' dir='ltr'>missione,</span> <span class='ocrx_word' id='word_1_289' title='bbox 725 3089 785 3132; x_wconf 90' lang='lat' dir='ltr'>non</span> <span class='ocrx_word' id='word_1_290' title='bbox 799 3073 926 3150; x_wconf 89' lang='lat' dir='ltr'>pecunia</span> <span class='ocrx_word' id='word_1_291' title='bbox 940 3072 1076 3133; x_wconf 89' lang='lat' dir='ltr'>satiatos:</span> 
     </span>
    </p>
   </div>
   <div class='ocr_carea' id='block_1_4' title="bbox 60 3239 1077 3595">
    <p class='ocr_par' dir='ltr' id='par_1_4' title="bbox 60 3239 1077 3595">
     <span class='ocr_line' id='line_1_34' title="bbox 134 3239 1077 3310; baseline 0 -14"><span class='ocrx_word' id='word_1_292' title='bbox 134 3240 181 3306; x_wconf 83' lang='lat'>41,</span> <span class='ocrx_word' id='word_1_293' title='bbox 199 3247 216 3294; x_wconf 83' lang='lat'>6</span> <span class='ocrx_word' id='word_1_294' title='bbox 234 3241 378 3297; x_wconf 83' lang='lat' dir='ltr'>externam</span> <span class='ocrx_word' id='word_1_295' title='bbox 394 3239 478 3295; x_wconf 86' lang='lat' dir='ltr'>fidem</span> <span class='ocrx_word' id='word_1_296' title='bbox 491 3241 579 3310; x_wconf 78' lang='lat' dir='ltr'>Nipp.</span> <span class='ocrx_word' id='word_1_297' title='bbox 594 3242 724 3296; x_wconf 80' lang='lat' dir='ltr'>externae</span> <span class='ocrx_word' id='word_1_298' title='bbox 741 3239 818 3295; x_wconf 69' lang='lat' dir='ltr'>medi</span> <span class='ocrx_word' id='word_1_299' title='bbox 830 3240 898 3295; x_wconf 88' lang='lat' dir='ltr'>fidei</span> <span class='ocrx_word' id='word_1_300' title='bbox 910 3240 965 3296; x_wconf 80' lang='lat' dir='ltr'>Ed.</span> <span class='ocrx_word' id='word_1_301' title='bbox 980 3240 1077 3297; x_wconf 82' lang='lat' dir='ltr'>Wurm</span> 
     </span>
     <span class='ocr_line' id='line_1_35' title="bbox 62 3310 1077 3382; baseline 0.002 -18"><span class='ocrx_word' id='word_1_302' title='bbox 62 3310 93 3364; x_wconf 90' lang='lat' dir='ltr'>in</span> <span class='ocrx_word' id='word_1_303' title='bbox 104 3311 194 3366; x_wconf 82' lang='lat' dir='ltr'>Plriol.</span> <span class='ocrx_word' id='word_1_304' title='bbox 209 3311 268 3378; x_wconf 88' lang='lat' dir='ltr'>IX,</span> <span class='ocrx_word' id='word_1_305' title='bbox 282 3315 333 3378; x_wconf 80' lang='lat'>89,·</span> <span class='ocrx_word' id='word_1_306' title='bbox 351 3327 401 3366; x_wconf 80' lang='lat' dir='ltr'>noe</span> <span class='ocrx_word' id='word_1_307' title='bbox 414 3313 444 3365; x_wconf 89' lang='lat' dir='ltr'>et</span> <span class='ocrx_word' id='word_1_308' title='bbox 457 3313 628 3380; x_wconf 78' lang='lat' dir='ltr'>inclusimus,</span> <span class='ocrx_word' id='word_1_309' title='bbox 647 3313 682 3379; x_wconf 76' lang='lat' dir='ltr'>of.</span> <span class='ocrx_word' id='word_1_310' title='bbox 696 3313 730 3368; x_wconf 81' lang='lat' dir='ltr'>de</span> <span class='ocrx_word' id='word_1_311' title='bbox 742 3319 826 3382; x_wconf 78' lang='lat' dir='ltr'>genet.</span> <span class='ocrx_word' id='word_1_312' title='bbox 840 3313 984 3381; x_wconf 78' lang='lat' dir='ltr'>qualitatis</span> <span class='ocrx_word' id='word_1_313' title='bbox 999 3315 1026 3378; x_wconf 76' lang='lat'>4,</span> <span class='ocrx_word' id='word_1_314' title='bbox 1039 3315 1077 3367; x_wconf 75' lang='lat'>29</span> 
     </span>
     <span class='ocr_line' id='line_1_36' title="bbox 61 3380 1076 3449; baseline 0 -12"><span class='ocrx_word' id='word_1_315' title='bbox 61 3380 198 3437; x_wconf 86' lang='lat' dir='ltr'>Lentulus</span> <span class='ocrx_word' id='word_1_316' title='bbox 222 3381 374 3436; x_wconf 84' lang='lat' dir='ltr'>senectutis</span> <span class='ocrx_word' id='word_1_317' title='bbox 399 3383 552 3449; x_wconf 62' lang='lat' dir='ltr'>extremam</span> <span class='ocrx_word' id='word_1_318' title='bbox 576 3385 638 3438; x_wconf 83' lang='lat' dir='ltr'>item</span> <span class='ocrx_word' id='word_1_319' title='bbox 657 3381 695 3438; x_wconf 87' lang='lat' dir='ltr'>H.</span> <span class='ocrx_word' id='word_1_320' title='bbox 716 3386 742 3448; x_wconf 88' lang='grc'>5,</span> <span class='ocrx_word' id='word_1_321' title='bbox 762 3387 797 3436; x_wconf 87' lang='grc'>10</span> <span class='ocrx_word' id='word_1_322' title='bbox 816 3384 845 3435; x_wconf 83' lang='lat' dir='ltr'>et</span> <span class='ocrx_word' id='word_1_323' title='bbox 863 3388 926 3437; x_wconf 80' lang='lat' dir='ltr'>aute</span> <span class='ocrx_word' id='word_1_324' title='bbox 944 3383 1076 3437; x_wconf 77' lang='lat' dir='ltr'>externae</span> 
     </span>
     <span class='ocr_line' id='line_1_37' title="bbox 60 3451 1077 3523; baseline -0.001 -15"><span class='ocrx_word' id='word_1_325' title='bbox 60 3453 188 3508; x_wconf 72' lang='lat' dir='ltr'>abmrdat</span> <span class='ocrx_word' id='word_1_326' title='bbox 203 3457 208 3521; x_wconf 91' lang='grc' dir='ltr'>Ι</span> <span class='ocrx_word' id='word_1_327' title='bbox 223 3452 269 3520; x_wconf 73' lang='lat'>42,</span> <span class='ocrx_word' id='word_1_328' title='bbox 289 3459 305 3508; x_wconf 83' lang='lat' dir='ltr'>&#39;i</span> <span class='ocrx_word' id='word_1_329' title='bbox 323 3451 431 3507; x_wconf 85' lang='lat' dir='ltr'>faciant</span> <span class='ocrx_word' id='word_1_330' title='bbox 453 3453 555 3508; x_wconf 83' lang='lat' dir='ltr'>Ritter:</span> <span class='ocrx_word' id='word_1_331' title='bbox 574 3451 663 3508; x_wconf 83' lang='lat' dir='ltr'>faciet</span> <span class='ocrx_word' id='word_1_332' title='bbox 678 3457 683 3523; x_wconf 75' lang='lat' dir='ltr'>l</span> <span class='ocrx_word' id='word_1_333' title='bbox 701 3459 733 3508; x_wconf 87' lang='lat'>18</span> <span class='ocrx_word' id='word_1_334' title='bbox 752 3453 835 3506; x_wconf 79' lang='lat' dir='ltr'>aucte</span> <span class='ocrx_word' id='word_1_335' title='bbox 852 3453 912 3506; x_wconf 86' lang='lat' dir='ltr'>tem</span> <span class='ocrx_word' id='word_1_336' title='bbox 931 3452 1077 3523; x_wconf 83' lang='lat' dir='ltr'>egregiam</span> 
     </span>
     <span class='ocr_line' id='line_1_38' title="bbox 61 3521 623 3595; baseline 0.002 -17"><span class='ocrx_word' id='word_1_337' title='bbox 61 3522 104 3578; x_wconf 81' lang='grc' dir='ltr'>Μ.</span> <span class='ocrx_word' id='word_1_338' title='bbox 123 3521 238 3594; x_wconf 58' lang='lat' dir='ltr'>terrac</span> <span class='ocrx_word' id='word_1_339' title='bbox 256 3522 290 3580; x_wconf 78' lang='grc' dir='ltr'>Ζ.</span> <span class='ocrx_word' id='word_1_340' title='bbox 307 3523 329 3592; x_wconf 73' lang='lat' dir='ltr'>f.</span> <span class='ocrx_word' id='word_1_341' title='bbox 350 3522 449 3595; x_wconf 68' lang='lat' dir='ltr'>cyma</span> <span class='ocrx_word' id='word_1_342' title='bbox 469 3527 550 3592; x_wconf 75' lang='lat' dir='ltr'>rear,</span> <span class='ocrx_word' id='word_1_343' title='bbox 570 3527 623 3580; x_wconf 83' lang='lat'>301</span> 
     </span>
    </p>
   </div>
   <div class='ocr_carea' id='block_1_5' title="bbox 0 0 1204 3876">
    <p class='ocr_par' dir='ltr' id='par_1_5' title="bbox 0 0 1204 3876">
     <span class='ocr_line' id='line_1_39' title="bbox 0 0 1204 3876; baseline 0 0"><span class='ocrx_word' id='word_1_344' title='bbox 0 0 1204 3876; x_wconf 95' lang='lat' dir='ltr'> </span> 
     </span>
    </p>
   </div>
  </div>
 </body>
</html>
