<?xml version="1.0" encoding="UTF-8"?>
<!DOCTYPE html PUBLIC "-//W3C//DTD XHTML 1.0 Transitional//EN"
    "http://www.w3.org/TR/xhtml1/DTD/xhtml1-transitional.dtd">
<html xmlns="http://www.w3.org/1999/xhtml" xml:lang="en" lang="en">
 <head>
  <title>
</title>
<meta http-equiv="Content-Type" content="text/html;charset=utf-8" />
  <meta name='ocr-system' content='tesseract 3.04.00' />
  <meta name='ocr-capabilities' content='ocr_page ocr_carea ocr_par ocr_line ocrx_word'/>
</head>
<body>
  <div class='ocr_page' id='page_1' title='image "./libriquisupersu00halmgoog_0305.png"; bbox 0 0 2392 3876; ppageno 0'>
   <div class='ocr_carea' id='block_1_1' title="bbox 112 163 767 232">
    <p class='ocr_par' dir='ltr' id='par_1_1' title="bbox 112 163 767 232">
     <span class='ocr_line' id='line_1_1' title="bbox 112 163 767 232; baseline -0.005 -11"><span class='ocrx_word' id='word_1_1' title='bbox 112 167 177 232; x_wconf 63' lang='lat'><strong>294</strong></span> <span class='ocrx_word' id='word_1_2' title='bbox 463 163 632 220; x_wconf 79' lang='lat' dir='ltr'>CORNELII</span> <span class='ocrx_word' id='word_1_3' title='bbox 649 163 767 220; x_wconf 77' lang='lat' dir='ltr'><strong>raeiri</strong></span> 
     </span>
    </p>
   </div>
   <div class='ocr_carea' id='block_1_2' title="bbox 74 312 1186 3151">
    <p class='ocr_par' dir='ltr' id='par_1_2' title="bbox 112 312 1126 664">
     <span class='ocr_line' id='line_1_2' title="bbox 178 312 1124 394; baseline 0 -18"><span class='ocrx_word' id='word_1_4' title='bbox 178 312 229 376; x_wconf 79' lang='lat'><strong>21.</strong></span> <span class='ocrx_word' id='word_1_5' title='bbox 257 314 397 376; x_wconf 85' lang='lat' dir='ltr'><strong>Pluribus</strong></span> <span class='ocrx_word' id='word_1_6' title='bbox 420 315 484 393; x_wconf 88' lang='lat' dir='ltr'><strong>ipsa</strong></span> <span class='ocrx_word' id='word_1_7' title='bbox 507 313 625 374; x_wconf 93' lang='lat' dir='ltr'><strong>licentia</strong></span> <span class='ocrx_word' id='word_1_8' title='bbox 648 312 794 394; x_wconf 75' lang='lat' dir='ltr'><strong>placebat,</strong></span> <span class='ocrx_word' id='word_1_9' title='bbox 819 332 852 375; x_wconf 85' lang='lat' dir='ltr'><strong>ac</strong></span> <span class='ocrx_word' id='word_1_10' title='bbox 876 323 975 375; x_wconf 91' lang='lat' dir='ltr'><strong>tamen</strong></span> <span class='ocrx_word' id='word_1_11' title='bbox 998 314 1124 377; x_wconf 90' lang='lat' dir='ltr'><strong>honesta</strong></span> 
     </span>
     <span class='ocr_line' id='line_1_3' title="bbox 113 401 1124 484; baseline 0 -18"><span class='ocrx_word' id='word_1_12' title='bbox 113 407 230 466; x_wconf 91' lang='lat' dir='ltr'><strong>nomina</strong></span> <span class='ocrx_word' id='word_1_13' title='bbox 244 401 484 483; x_wconf 76' lang='lat' dir='ltr'><strong>praetendebant.</strong></span> <span class='ocrx_word' id='word_1_14' title='bbox 508 404 634 463; x_wconf 91' lang='lat' dir='ltr'><strong>maiores</strong></span> <span class='ocrx_word' id='word_1_15' title='bbox 650 421 767 482; x_wconf 92' lang='lat' dir='ltr'><strong>quoque</strong></span> <span class='ocrx_word' id='word_1_16' title='bbox 782 420 841 463; x_wconf 93' lang='lat' dir='ltr'><strong>non</strong></span> <span class='ocrx_word' id='word_1_17' title='bbox 856 402 1047 465; x_wconf 82' lang='lat' dir='ltr'><strong>abhorruisse</strong></span> <span class='ocrx_word' id='word_1_18' title='bbox 1058 423 1124 484; x_wconf 90' lang='lat' dir='ltr'><strong>spe-</strong></span> 
     </span>
     <span class='ocr_line' id='line_1_4' title="bbox 113 491 1124 574; baseline 0 -19"><span class='ocrx_word' id='word_1_19' title='bbox 113 492 296 556; x_wconf 89' lang='lat' dir='ltr'><strong>ctaculorum</strong></span> <span class='ocrx_word' id='word_1_20' title='bbox 310 492 533 554; x_wconf 80' lang='lat' dir='ltr'><strong>oblectamentis</strong></span> <span class='ocrx_word' id='word_1_21' title='bbox 547 509 602 569; x_wconf 89' lang='lat' dir='ltr'><strong>pro</strong></span> <span class='ocrx_word' id='word_1_22' title='bbox 617 491 748 571; x_wconf 91' lang='lat' dir='ltr'><strong>lortuua,</strong></span> <span class='ocrx_word' id='word_1_23' title='bbox 764 509 838 570; x_wconf 89' lang='lat' dir='ltr'><strong>quae</strong></span> <span class='ocrx_word' id='word_1_24' title='bbox 853 500 917 553; x_wconf 91' lang='lat' dir='ltr'><strong>tum</strong></span> <span class='ocrx_word' id='word_1_25' title='bbox 932 502 1008 574; x_wconf 91' lang='lat' dir='ltr'><strong>erat,</strong></span> <span class='ocrx_word' id='word_1_26' title='bbox 1027 512 1124 574; x_wconf 89' lang='lat' dir='ltr'><strong>eoque</strong></span> 
     </span>
     <span class='ocr_line' id='line_1_5' title="bbox 112 579 1126 664; baseline 0 -21"><span class='ocrx_word' id='word_1_27' title='bbox 112 602 129 644; x_wconf 94' lang='lat' dir='ltr'><strong>a</strong></span> <span class='ocrx_word' id='word_1_28' title='bbox 143 582 248 643; x_wconf 86' lang='lat' dir='ltr'><strong>Tuscis</strong></span> <span class='ocrx_word' id='word_1_29' title='bbox 263 584 373 644; x_wconf 89' lang='lat' dir='ltr'><strong>accitos</strong></span> <span class='ocrx_word' id='word_1_30' title='bbox 387 580 556 658; x_wconf 89' lang='lat' dir='ltr'><strong>histriones,</strong></span> <span class='ocrx_word' id='word_1_31' title='bbox 571 598 587 638; x_wconf 93' lang='lat' dir='ltr'><strong>a</strong></span> <span class='ocrx_word' id='word_1_32' title='bbox 601 579 722 640; x_wconf 81' lang='lat' dir='ltr'><strong>Thuriis</strong></span> <span class='ocrx_word' id='word_1_33' title='bbox 737 598 882 659; x_wconf 90' lang='lat' dir='ltr'><strong>equorum</strong></span> <span class='ocrx_word' id='word_1_34' title='bbox 897 584 1073 664; x_wconf 74' lang='lat' dir='ltr'><strong>certamina,</strong></span> <span class='ocrx_word' id='word_1_35' title='bbox 1095 592 1126 643; x_wconf 94' lang='lat' dir='ltr'><strong>et</strong></span> 
     </span>
    </p>

    <p class='ocr_par' dir='ltr' id='par_1_3' title="bbox 74 666 1186 2350">
     <span class='ocr_line' id='line_1_6' title="bbox 86 666 1125 751; baseline -0.001 -18"><span class='ocrx_word' id='word_1_36' title='bbox 86 684 249 751; x_wconf 68' lang='lat' dir='ltr'><strong>opossessa</strong></span> <span class='ocrx_word' id='word_1_37' title='bbox 267 670 376 731; x_wconf 84' lang='lat' dir='ltr'><strong>Achaia</strong></span> <span class='ocrx_word' id='word_1_38' title='bbox 396 671 523 747; x_wconf 79' lang='lat' dir='ltr'><strong>Asiaque</strong></span> <span class='ocrx_word' id='word_1_39' title='bbox 546 666 632 729; x_wconf 90' lang='lat' dir='ltr'><strong>ludos</strong></span> <span class='ocrx_word' id='word_1_40' title='bbox 655 671 788 729; x_wconf 87' lang='lat' dir='ltr'><strong>curatius</strong></span> <span class='ocrx_word' id='word_1_41' title='bbox 811 669 919 750; x_wconf 89' lang='lat' dir='ltr'><strong>editos,</strong></span> <span class='ocrx_word' id='word_1_42' title='bbox 942 688 997 732; x_wconf 92' lang='lat' dir='ltr'><strong>nec</strong></span> <span class='ocrx_word' id='word_1_43' title='bbox 1022 690 1125 750; x_wconf 89' lang='lat' dir='ltr'><strong>quem·</strong></span> 
     </span>
     <span class='ocr_line' id='line_1_7' title="bbox 112 756 1124 841; baseline -0.002 -19"><span class='ocrx_word' id='word_1_44' title='bbox 112 779 200 841; x_wconf 89' lang='lat' dir='ltr'><strong>quam</strong></span> <span class='ocrx_word' id='word_1_45' title='bbox 215 761 324 821; x_wconf 84' lang='lat' dir='ltr'><strong>Romae</strong></span> <span class='ocrx_word' id='word_1_46' title='bbox 342 758 467 819; x_wconf 88' lang='lat' dir='ltr'><strong>honesto</strong></span> <span class='ocrx_word' id='word_1_47' title='bbox 485 756 549 818; x_wconf 94' lang='lat' dir='ltr'><strong>loco</strong></span> <span class='ocrx_word' id='word_1_48' title='bbox 568 764 666 817; x_wconf 91' lang='lat' dir='ltr'><strong>ortum</strong></span> <span class='ocrx_word' id='word_1_49' title='bbox 681 757 716 817; x_wconf 89' lang='lat' dir='ltr'><strong>ad</strong></span> <span class='ocrx_word' id='word_1_50' title='bbox 732 757 890 819; x_wconf 86' lang='lat' dir='ltr'><strong>theatrales</strong></span> <span class='ocrx_word' id='word_1_51' title='bbox 903 766 983 820; x_wconf 89' lang='lat' dir='ltr'><strong>artes</strong></span> <span class='ocrx_word' id='word_1_52' title='bbox 997 758 1124 838; x_wconf 87' lang='lat' dir='ltr'><strong>degene-</strong></span> 
     </span>
     <span class='ocr_line' id='line_1_8' title="bbox 113 845 1125 928; baseline 0 -18"><span class='ocrx_word' id='word_1_53' title='bbox 113 852 235 928; x_wconf 88' lang='lat' dir='ltr'><strong>ravisse,</strong></span> <span class='ocrx_word' id='word_1_54' title='bbox 255 849 391 908; x_wconf 89' lang='lat' dir='ltr'><strong>ducentis</strong></span> <span class='ocrx_word' id='word_1_55' title='bbox 405 848 464 906; x_wconf 91' lang='lat' dir='ltr'><strong>iam</strong></span> <span class='ocrx_word' id='word_1_56' title='bbox 477 847 562 906; x_wconf 91' lang='lat' dir='ltr'><strong>annis</strong></span> <span class='ocrx_word' id='word_1_57' title='bbox 576 864 592 906; x_wconf 91' lang='lat' dir='ltr'><strong>a</strong></span> <span class='ocrx_word' id='word_1_58' title='bbox 606 845 638 906; x_wconf 92' lang='lat' dir='ltr'><strong>L.</strong></span> <span class='ocrx_word' id='word_1_59' title='bbox 653 845 786 913; x_wconf 80' lang='lat' dir='ltr'><strong>blrrmmii</strong></span> <span class='ocrx_word' id='word_1_60' title='bbox 805 847 968 927; x_wconf 89' lang='lat' dir='ltr'><strong>triumpho,</strong></span> <span class='ocrx_word' id='word_1_61' title='bbox 994 852 1045 928; x_wconf 91' lang='lat' dir='ltr'><strong>qui</strong></span> <span class='ocrx_word' id='word_1_62' title='bbox 1064 851 1125 928; x_wconf 92' lang='lat' dir='ltr'><strong>pri-</strong></span> 
     </span>
     <span class='ocr_line' id='line_1_9' title="bbox 113 934 1125 1016; baseline -0.002 -17"><span class='ocrx_word' id='word_1_63' title='bbox 113 956 179 999; x_wconf 92' lang='lat' dir='ltr'><strong>mus</strong></span> <span class='ocrx_word' id='word_1_64' title='bbox 193 938 223 998; x_wconf 96' lang='lat' dir='ltr'><strong>id</strong></span> <span class='ocrx_word' id='word_1_65' title='bbox 238 955 332 1016; x_wconf 91' lang='lat' dir='ltr'><strong>genus</strong></span> <span class='ocrx_word' id='word_1_66' title='bbox 346 934 509 1014; x_wconf 79' lang='lat' dir='ltr'><strong>spectaculi</strong></span> <span class='ocrx_word' id='word_1_67' title='bbox 522 936 553 995; x_wconf 93' lang='lat' dir='ltr'><strong>in</strong></span> <span class='ocrx_word' id='word_1_68' title='bbox 563 934 636 995; x_wconf 92' lang='lat' dir='ltr'><strong>urbe</strong></span> <span class='ocrx_word' id='word_1_69' title='bbox 647 934 826 1013; x_wconf 86' lang='lat' dir='ltr'><strong>praebuerit.</strong></span> <span class='ocrx_word' id='word_1_70' title='bbox 850 936 903 997; x_wconf 87' lang='lat' dir='ltr'><strong>sed</strong></span> <span class='ocrx_word' id='word_1_71' title='bbox 913 944 943 997; x_wconf 92' lang='lat' dir='ltr'><strong>et</strong></span> <span class='ocrx_word' id='word_1_72' title='bbox 953 937 1125 999; x_wconf 91' lang='lat' dir='ltr'><strong>consultum</strong></span> 
     </span>
     <span class='ocr_line' id='line_1_10' title="bbox 113 1023 1124 1107; baseline 0.001 -21"><span class='ocrx_word' id='word_1_73' title='bbox 113 1027 321 1105; x_wconf 88' lang='lat' dir='ltr'><strong>parsimoniae,</strong></span> <span class='ocrx_word' id='word_1_74' title='bbox 346 1023 424 1104; x_wconf 92' lang='lat' dir='ltr'><strong>quod</strong></span> <span class='ocrx_word' id='word_1_75' title='bbox 442 1031 587 1103; x_wconf 88' lang='lat' dir='ltr'><strong>perpetua</strong></span> <span class='ocrx_word' id='word_1_76' title='bbox 605 1023 691 1084; x_wconf 90' lang='lat' dir='ltr'><strong>sedes</strong></span> <span class='ocrx_word' id='word_1_77' title='bbox 710 1023 825 1085; x_wconf 90' lang='lat' dir='ltr'><strong>theatro</strong></span> <span class='ocrx_word' id='word_1_78' title='bbox 844 1023 938 1086; x_wconf 94' lang='lat' dir='ltr'><strong>locata</strong></span> <span class='ocrx_word' id='word_1_79' title='bbox 956 1027 995 1086; x_wconf 91' lang='lat' dir='ltr'><strong>sit</strong></span> <span class='ocrx_word' id='word_1_80' title='bbox 1013 1028 1124 1107; x_wconf 91' lang='lat' dir='ltr'><strong>potius,</strong></span> 
     </span>
     <span class='ocr_line' id='line_1_11' title="bbox 74 1110 1125 1195; baseline 0.001 -20"><span class='ocrx_word' id='word_1_81' title='bbox 74 1129 99 1167; x_wconf 90' lang='lat'><strong>10</strong></span> <span class='ocrx_word' id='word_1_82' title='bbox 115 1133 203 1195; x_wconf 88' lang='lat' dir='ltr'><strong>quam</strong></span> <span class='ocrx_word' id='word_1_83' title='bbox 216 1116 360 1174; x_wconf 91' lang='lat' dir='ltr'><strong>immenso</strong></span> <span class='ocrx_word' id='word_1_84' title='bbox 371 1121 492 1191; x_wconf 91' lang='lat' dir='ltr'><strong>sumptu</strong></span> <span class='ocrx_word' id='word_1_85' title='bbox 502 1110 634 1190; x_wconf 86' lang='lat' dir='ltr'><strong>singulos</strong></span> <span class='ocrx_word' id='word_1_86' title='bbox 647 1130 702 1191; x_wconf 92' lang='lat' dir='ltr'><strong>per</strong></span> <span class='ocrx_word' id='word_1_87' title='bbox 711 1131 803 1174; x_wconf 91' lang='lat' dir='ltr'><strong>annos</strong></span> <span class='ocrx_word' id='word_1_88' title='bbox 817 1121 1013 1192; x_wconf 83' lang='lat' dir='ltr'><strong>consurgeret</strong></span> <span class='ocrx_word' id='word_1_89' title='bbox 1026 1133 1060 1176; x_wconf 91' lang='lat' dir='ltr'><strong>ac</strong></span> <span class='ocrx_word' id='word_1_90' title='bbox 1075 1116 1125 1176; x_wconf 90' lang='lat' dir='ltr'><strong>de-</strong></span> 
     </span>
     <span class='ocr_line' id='line_1_12' title="bbox 114 1201 1125 1281; baseline 0 -17"><span class='ocrx_word' id='word_1_91' title='bbox 114 1209 289 1264; x_wconf 88' lang='lat' dir='ltr'><strong>strueretur.</strong></span> <span class='ocrx_word' id='word_1_92' title='bbox 317 1220 372 1263; x_wconf 92' lang='lat' dir='ltr'><strong>nec</strong></span> <span class='ocrx_word' id='word_1_93' title='bbox 390 1201 514 1281; x_wconf 89' lang='lat' dir='ltr'><strong>perinde</strong></span> <span class='ocrx_word' id='word_1_94' title='bbox 533 1203 721 1280; x_wconf 80' lang='lat' dir='ltr'><strong>magistratus</strong></span> <span class='ocrx_word' id='word_1_95' title='bbox 740 1219 804 1262; x_wconf 92' lang='lat' dir='ltr'><strong>rem</strong></span> <span class='ocrx_word' id='word_1_96' title='bbox 822 1201 994 1263; x_wconf 75' lang='lat' dir='ltr'><strong>familiarem</strong></span> <span class='ocrx_word' id='word_1_97' title='bbox 1015 1203 1125 1265; x_wconf 84' lang='lat' dir='ltr'><strong>exhau-</strong></span> 
     </span>
     <span class='ocr_line' id='line_1_13' title="bbox 114 1289 1125 1371; baseline 0 -18"><span class='ocrx_word' id='word_1_98' title='bbox 114 1300 214 1354; x_wconf 92' lang='lat' dir='ltr'><strong>sturos</strong></span> <span class='ocrx_word' id='word_1_99' title='bbox 229 1298 279 1352; x_wconf 86' lang='lat' dir='ltr'><strong>aut</strong></span> <span class='ocrx_word' id='word_1_100' title='bbox 293 1290 402 1371; x_wconf 93' lang='lat' dir='ltr'><strong>populo</strong></span> <span class='ocrx_word' id='word_1_101' title='bbox 417 1289 596 1370; x_wconf 85' lang='lat' dir='ltr'><strong>efflagitandi</strong></span> <span class='ocrx_word' id='word_1_102' title='bbox 610 1289 721 1350; x_wconf 89' lang='lat' dir='ltr'><strong>Graeca</strong></span> <span class='ocrx_word' id='word_1_103' title='bbox 738 1293 898 1352; x_wconf 90' lang='lat' dir='ltr'><strong>certamina</strong></span> <span class='ocrx_word' id='word_1_104' title='bbox 913 1309 933 1352; x_wconf 85' lang='lat' dir='ltr'><strong>a</strong></span> <span class='ocrx_word' id='word_1_105' title='bbox 947 1293 1125 1370; x_wconf 85' lang='lat' dir='ltr'><strong>magistrati-</strong></span> 
     </span>
     <span class='ocr_line' id='line_1_14' title="bbox 113 1377 1124 1462; baseline 0.001 -21"><span class='ocrx_word' id='word_1_106' title='bbox 113 1381 170 1442; x_wconf 92' lang='lat' dir='ltr'><strong>bus</strong></span> <span class='ocrx_word' id='word_1_107' title='bbox 185 1398 303 1442; x_wconf 81' lang='lat' dir='ltr'><strong>causanr</strong></span> <span class='ocrx_word' id='word_1_108' title='bbox 318 1380 394 1462; x_wconf 88' lang='lat' dir='ltr'><strong>lore,</strong></span> <span class='ocrx_word' id='word_1_109' title='bbox 416 1398 484 1442; x_wconf 89' lang='lat' dir='ltr'><strong>cum</strong></span> <span class='ocrx_word' id='word_1_110' title='bbox 498 1398 533 1440; x_wconf 93' lang='lat' dir='ltr'><strong>eo</strong></span> <span class='ocrx_word' id='word_1_111' title='bbox 548 1386 668 1458; x_wconf 89' lang='lat' dir='ltr'><strong>sumptu</strong></span> <span class='ocrx_word' id='word_1_112' title='bbox 682 1396 731 1439; x_wconf 91' lang='lat' dir='ltr'><strong>res</strong></span> <span class='ocrx_word' id='word_1_113' title='bbox 745 1377 864 1458; x_wconf 91' lang='lat' dir='ltr'><strong>publica</strong></span> <span class='ocrx_word' id='word_1_114' title='bbox 882 1380 1031 1459; x_wconf 84' lang='lat' dir='ltr'><strong>fungatur.</strong></span> <span class='ocrx_word' id='word_1_115' title='bbox 1060 1400 1124 1442; x_wconf 91' lang='lat' dir='ltr'><strong>ora-</strong></span> 
     </span>
     <span class='ocr_line' id='line_1_15' title="bbox 114 1469 1124 1551; baseline -0.001 -20"><span class='ocrx_word' id='word_1_116' title='bbox 114 1478 212 1532; x_wconf 91' lang='lat' dir='ltr'><strong>torum</strong></span> <span class='ocrx_word' id='word_1_117' title='bbox 231 1488 270 1551; x_wconf 30' lang='lat' dir='ltr'><strong>ae,</strong></span> <span class='ocrx_word' id='word_1_118' title='bbox 284 1477 382 1530; x_wconf 91' lang='lat' dir='ltr'><strong>vatum</strong></span> <span class='ocrx_word' id='word_1_119' title='bbox 405 1470 543 1530; x_wconf 88' lang='lat' dir='ltr'><strong>victorias</strong></span> <span class='ocrx_word' id='word_1_120' title='bbox 566 1469 789 1529; x_wconf 90' lang='lat' dir='ltr'><strong>incitamentum</strong></span> <span class='ocrx_word' id='word_1_121' title='bbox 812 1469 939 1546; x_wconf 87' lang='lat' dir='ltr'><strong>ingeniis</strong></span> <span class='ocrx_word' id='word_1_122' title='bbox 962 1469 1124 1550; x_wconf 89' lang='lat' dir='ltr'><strong>adlaturas;</strong></span> 
     </span>
     <span class='ocr_line' id='line_1_16' title="bbox 76 1555 1124 1638; baseline -0.002 -18"><span class='ocrx_word' id='word_1_123' title='bbox 76 1572 100 1612; x_wconf 78' lang='lat'><strong>15</strong></span> <span class='ocrx_word' id='word_1_124' title='bbox 114 1578 169 1620; x_wconf 92' lang='lat' dir='ltr'><strong>nec</strong></span> <span class='ocrx_word' id='word_1_125' title='bbox 188 1560 326 1638; x_wconf 92' lang='lat' dir='ltr'><strong>cuiquam</strong></span> <span class='ocrx_word' id='word_1_126' title='bbox 345 1558 437 1619; x_wconf 91' lang='lat' dir='ltr'><strong>indici</strong></span> <span class='ocrx_word' id='word_1_127' title='bbox 453 1575 540 1636; x_wconf 90' lang='lat' dir='ltr'><strong>grave</strong></span> <span class='ocrx_word' id='word_1_128' title='bbox 555 1574 642 1617; x_wconf 91' lang='lat' dir='ltr'><strong>aures</strong></span> <span class='ocrx_word' id='word_1_129' title='bbox 657 1555 763 1618; x_wconf 90' lang='lat' dir='ltr'><strong>studiis</strong></span> <span class='ocrx_word' id='word_1_130' title='bbox 777 1555 911 1618; x_wconf 91' lang='lat' dir='ltr'><strong>honestis</strong></span> <span class='ocrx_word' id='word_1_131' title='bbox 925 1566 955 1618; x_wconf 87' lang='lat' dir='ltr'><strong>et</strong></span> <span class='ocrx_word' id='word_1_132' title='bbox 968 1557 1124 1637; x_wconf 87' lang='lat' dir='ltr'><strong>voluptati-</strong></span> 
     </span>
     <span class='ocr_line' id='line_1_17' title="bbox 95 1644 1125 1725; baseline -0.001 -16"><span class='ocrx_word' id='word_1_133' title='bbox 95 1649 170 1710; x_wconf 88' lang='lat' dir='ltr'><strong>·bus</strong></span> <span class='ocrx_word' id='word_1_134' title='bbox 185 1650 335 1708; x_wconf 88' lang='lat' dir='ltr'><strong>concessis</strong></span> <span class='ocrx_word' id='word_1_135' title='bbox 349 1648 509 1725; x_wconf 91' lang='lat' dir='ltr'><strong>impertire.</strong></span> <span class='ocrx_word' id='word_1_136' title='bbox 538 1644 666 1706; x_wconf 88' lang='lat' dir='ltr'><strong>laetitiae</strong></span> <span class='ocrx_word' id='word_1_137' title='bbox 684 1647 777 1725; x_wconf 87' lang='lat' dir='ltr'><strong>magis</strong></span> <span class='ocrx_word' id='word_1_138' title='bbox 796 1664 885 1724; x_wconf 89' lang='lat' dir='ltr'><strong>quam</strong></span> <span class='ocrx_word' id='word_1_139' title='bbox 905 1645 1041 1708; x_wconf 89' lang='lat' dir='ltr'><strong>lasciviae</strong></span> <span class='ocrx_word' id='word_1_140' title='bbox 1060 1647 1125 1708; x_wconf 90' lang='lat' dir='ltr'><strong>dari</strong></span> 
     </span>
     <span class='ocr_line' id='line_1_18' title="bbox 114 1733 1125 1816; baseline -0.002 -18"><span class='ocrx_word' id='word_1_141' title='bbox 114 1755 223 1816; x_wconf 89' lang='lat' dir='ltr'><strong>paucas</strong></span> <span class='ocrx_word' id='word_1_142' title='bbox 241 1738 333 1797; x_wconf 92' lang='lat' dir='ltr'><strong>totius</strong></span> <span class='ocrx_word' id='word_1_143' title='bbox 352 1736 548 1815; x_wconf 91' lang='lat' dir='ltr'><strong>quinquennii</strong></span> <span class='ocrx_word' id='word_1_144' title='bbox 565 1741 681 1814; x_wconf 88' lang='lat' dir='ltr'><strong>noctes,</strong></span> <span class='ocrx_word' id='word_1_145' title='bbox 700 1733 808 1814; x_wconf 91' lang='lat' dir='ltr'><strong>quibus</strong></span> <span class='ocrx_word' id='word_1_146' title='bbox 827 1742 907 1795; x_wconf 88' lang='lat' dir='ltr'><strong>tanta</strong></span> <span class='ocrx_word' id='word_1_147' title='bbox 925 1734 991 1798; x_wconf 91' lang='lat' dir='ltr'><strong>luce</strong></span> <span class='ocrx_word' id='word_1_148' title='bbox 1009 1738 1125 1814; x_wconf 79' lang='lat' dir='ltr'><strong>ignium</strong></span> 
     </span>
     <span class='ocr_line' id='line_1_19' title="bbox 114 1815 1186 1902; baseline -0.002 -16"><span class='ocrx_word' id='word_1_149' title='bbox 114 1825 188 1886; x_wconf 89' lang='lat' dir='ltr'><strong>nihil</strong></span> <span class='ocrx_word' id='word_1_150' title='bbox 201 1824 349 1885; x_wconf 90' lang='lat' dir='ltr'><strong>inlicitum</strong></span> <span class='ocrx_word' id='word_1_151' title='bbox 363 1823 506 1885; x_wconf 89' lang='lat' dir='ltr'><strong>occultari</strong></span> <span class='ocrx_word' id='word_1_152' title='bbox 520 1831 616 1902; x_wconf 91' lang='lat' dir='ltr'><strong>queat.</strong></span> <span class='ocrx_word' id='word_1_153' title='bbox 645 1840 715 1883; x_wconf 91' lang='lat' dir='ltr'><strong>sane</strong></span> <span class='ocrx_word' id='word_1_154' title='bbox 729 1822 810 1883; x_wconf 93' lang='lat' dir='ltr'><strong>nullo</strong></span> <span class='ocrx_word' id='word_1_155' title='bbox 824 1825 934 1902; x_wconf 90' lang='lat' dir='ltr'><strong>insigni</strong></span> <span class='ocrx_word' id='word_1_156' title='bbox 948 1824 1123 1885; x_wconf 89' lang='lat' dir='ltr'><strong>dehonesta-</strong></span> <span class='ocrx_word' id='word_1_157' title='bbox 1182 1815 1186 1823; x_wconf 78' lang='grc'><strong>’</strong></span> 
     </span>
     <span class='ocr_line' id='line_1_20' title="bbox 115 1910 1124 1993; baseline -0.003 -18"><span class='ocrx_word' id='word_1_158' title='bbox 115 1922 213 1975; x_wconf 89' lang='lat' dir='ltr'><strong>mento</strong></span> <span class='ocrx_word' id='word_1_159' title='bbox 228 1913 258 1974; x_wconf 96' lang='lat' dir='ltr'><strong>id</strong></span> <span class='ocrx_word' id='word_1_160' title='bbox 273 1912 476 1993; x_wconf 88' lang='lat' dir='ltr'><strong>spectaculum</strong></span> <span class='ocrx_word' id='word_1_161' title='bbox 493 1913 620 1973; x_wconf 88' lang='lat' dir='ltr'><strong>transiit.</strong></span> <span class='ocrx_word' id='word_1_162' title='bbox 652 1929 686 1972; x_wconf 90' lang='lat' dir='ltr'><strong>ac</strong></span> <span class='ocrx_word' id='word_1_163' title='bbox 705 1929 742 1972; x_wconf 91' lang='lat' dir='ltr'><strong>ue</strong></span> <span class='ocrx_word' id='word_1_164' title='bbox 762 1910 877 1972; x_wconf 90' lang='lat' dir='ltr'><strong>modica</strong></span> <span class='ocrx_word' id='word_1_165' title='bbox 892 1913 1012 1991; x_wconf 89' lang='lat' dir='ltr'><strong>quidem</strong></span> <span class='ocrx_word' id='word_1_166' title='bbox 1026 1913 1124 1974; x_wconf 87' lang='lat' dir='ltr'><strong>studia</strong></span> 
     </span>
     <span class='ocr_line' id='line_1_21' title="bbox 76 2000 1124 2084; baseline -0.003 -20"><span class='ocrx_word' id='word_1_167' title='bbox 76 2017 101 2055; x_wconf 80' lang='lat'><strong>20</strong></span> <span class='ocrx_word' id='word_1_168' title='bbox 114 2002 210 2083; x_wconf 91' lang='lat' dir='ltr'><strong>plebis</strong></span> <span class='ocrx_word' id='word_1_169' title='bbox 229 2021 379 2084; x_wconf 84' lang='lat' dir='ltr'><strong>exarsere,</strong></span> <span class='ocrx_word' id='word_1_170' title='bbox 398 2004 468 2081; x_wconf 87' lang='lat' dir='ltr'><strong>quia</strong></span> <span class='ocrx_word' id='word_1_171' title='bbox 485 2000 594 2061; x_wconf 82' lang='lat' dir='ltr'><strong>redditi</strong></span> <span class='ocrx_word' id='word_1_172' title='bbox 612 2017 791 2080; x_wconf 78' lang='lat' dir='ltr'><strong>quamquam</strong></span> <span class='ocrx_word' id='word_1_173' title='bbox 809 2017 932 2062; x_wconf 87' lang='lat' dir='ltr'><strong>scaenae</strong></span> <span class='ocrx_word' id='word_1_174' title='bbox 950 2003 1124 2081; x_wconf 89' lang='lat' dir='ltr'><strong>pantomimi</strong></span> 
     </span>
     <span class='ocr_line' id='line_1_22' title="bbox 115 2087 1123 2168; baseline -0.004 -15"><span class='ocrx_word' id='word_1_175' title='bbox 115 2091 326 2153; x_wconf 90' lang='lat' dir='ltr'><strong>certaminibus</strong></span> <span class='ocrx_word' id='word_1_176' title='bbox 340 2093 432 2150; x_wconf 85' lang='lat' dir='ltr'><strong>sacris</strong></span> <span class='ocrx_word' id='word_1_177' title='bbox 447 2088 688 2168; x_wconf 88' lang='lat' dir='ltr'><strong>prohibebantur.</strong></span> <span class='ocrx_word' id='word_1_178' title='bbox 716 2087 901 2168; x_wconf 89' lang='lat' dir='ltr'><strong>eloquentiae</strong></span> <span class='ocrx_word' id='word_1_179' title='bbox 915 2092 1026 2168; x_wconf 83' lang='lat' dir='ltr'><strong>primas</strong></span> <span class='ocrx_word' id='word_1_180' title='bbox 1037 2108 1123 2151; x_wconf 91' lang='lat' dir='ltr'><strong>nemo</strong></span> 
     </span>
     <span class='ocr_line' id='line_1_23' title="bbox 114 2177 1135 2264; baseline -0.003 -22"><span class='ocrx_word' id='word_1_181' title='bbox 114 2180 191 2261; x_wconf 90' lang='lat' dir='ltr'><strong>tulit,</strong></span> <span class='ocrx_word' id='word_1_182' title='bbox 205 2180 257 2242; x_wconf 89' lang='lat' dir='ltr'><strong>sed</strong></span> <span class='ocrx_word' id='word_1_183' title='bbox 271 2181 414 2241; x_wconf 86' lang='lat' dir='ltr'><strong>victorem</strong></span> <span class='ocrx_word' id='word_1_184' title='bbox 428 2195 493 2239; x_wconf 90' lang='lat' dir='ltr'><strong>esse</strong></span> <span class='ocrx_word' id='word_1_185' title='bbox 503 2177 660 2238; x_wconf 85' lang='lat' dir='ltr'><strong>Caesarem</strong></span> <span class='ocrx_word' id='word_1_186' title='bbox 673 2179 905 2256; x_wconf 90' lang='lat' dir='ltr'><strong>pronuntiatum.</strong></span> <span class='ocrx_word' id='word_1_187' title='bbox 933 2178 1038 2241; x_wconf 87' lang='lat' dir='ltr'><strong>Graeci</strong></span> <span class='ocrx_word' id='word_1_188' title='bbox 1053 2181 1135 2264; x_wconf 20' lang='lat' dir='ltr'><strong>ami-v</strong></span> 
     </span>
     <span class='ocr_line' id='line_1_24' title="bbox 115 2266 1123 2350; baseline -0.003 -19"><span class='ocrx_word' id='word_1_189' title='bbox 115 2278 189 2350; x_wconf 89' lang='lat' dir='ltr'><strong>ctus,</strong></span> <span class='ocrx_word' id='word_1_190' title='bbox 205 2271 271 2349; x_wconf 91' lang='lat' dir='ltr'><strong>quis</strong></span> <span class='ocrx_word' id='word_1_191' title='bbox 285 2287 339 2347; x_wconf 91' lang='lat' dir='ltr'><strong>per</strong></span> <span class='ocrx_word' id='word_1_192' title='bbox 354 2286 404 2329; x_wconf 92' lang='lat' dir='ltr'><strong>eos</strong></span> <span class='ocrx_word' id='word_1_193' title='bbox 419 2267 483 2327; x_wconf 91' lang='lat' dir='ltr'><strong>dies</strong></span> <span class='ocrx_word' id='word_1_194' title='bbox 496 2266 630 2346; x_wconf 89' lang='lat' dir='ltr'><strong>plerique</strong></span> <span class='ocrx_word' id='word_1_195' title='bbox 644 2267 836 2346; x_wconf 90' lang='lat' dir='ltr'><strong>incesserant,</strong></span> <span class='ocrx_word' id='word_1_196' title='bbox 851 2273 914 2327; x_wconf 87' lang='lat' dir='ltr'><strong>tum</strong></span> <span class='ocrx_word' id='word_1_197' title='bbox 924 2267 1123 2329; x_wconf 81' lang='lat' dir='ltr'><strong>exoleverunt.</strong></span> 
     </span>
    </p>

    <p class='ocr_par' dir='ltr' id='par_1_4' title="bbox 115 2353 1124 2702">
     <span class='ocr_line' id='line_1_25' title="bbox 180 2353 1124 2437; baseline -0.003 -18"><span class='ocrx_word' id='word_1_198' title='bbox 180 2356 232 2419; x_wconf 79' lang='lat'><strong>22.</strong></span> <span class='ocrx_word' id='word_1_199' title='bbox 255 2357 337 2418; x_wconf 92' lang='lat' dir='ltr'><strong>lnter</strong></span> <span class='ocrx_word' id='word_1_200' title='bbox 356 2374 430 2435; x_wconf 89' lang='lat' dir='ltr'><strong>quae</strong></span> <span class='ocrx_word' id='word_1_201' title='bbox 449 2363 480 2416; x_wconf 92' lang='lat' dir='ltr'><strong>et</strong></span> <span class='ocrx_word' id='word_1_202' title='bbox 497 2354 580 2416; x_wconf 90' lang='lat' dir='ltr'><strong>sidus</strong></span> <span class='ocrx_word' id='word_1_203' title='bbox 603 2361 733 2416; x_wconf 85' lang='lat' dir='ltr'><strong>cometes</strong></span> <span class='ocrx_word' id='word_1_204' title='bbox 756 2353 878 2436; x_wconf 84' lang='lat' dir='ltr'><strong>effulsit,</strong></span> <span class='ocrx_word' id='word_1_205' title='bbox 901 2356 938 2418; x_wconf 89' lang='lat' dir='ltr'><strong>de</strong></span> <span class='ocrx_word' id='word_1_206' title='bbox 962 2375 1020 2437; x_wconf 93' lang='lat' dir='ltr'><strong>quo</strong></span> <span class='ocrx_word' id='word_1_207' title='bbox 1044 2356 1124 2436; x_wconf 88' lang='lat' dir='ltr'><strong>vulgi</strong></span> 
     </span>
     <span class='ocr_line' id='line_1_26' title="bbox 115 2443 1124 2528; baseline -0.003 -20"><span class='ocrx_word' id='word_1_208' title='bbox 115 2450 214 2528; x_wconf 93' lang='lat' dir='ltr'><strong>opinio</strong></span> <span class='ocrx_word' id='word_1_209' title='bbox 229 2453 283 2527; x_wconf 90' lang='lat' dir='ltr'><strong>est,</strong></span> <span class='ocrx_word' id='word_1_210' title='bbox 297 2454 446 2525; x_wconf 83' lang='lat' dir='ltr'><strong>tamquam</strong></span> <span class='ocrx_word' id='word_1_211' title='bbox 455 2445 649 2506; x_wconf 89' lang='lat' dir='ltr'><strong>mutationem</strong></span> <span class='ocrx_word' id='word_1_212' title='bbox 658 2444 737 2522; x_wconf 91' lang='lat' dir='ltr'><strong>regis</strong></span> <span class='ocrx_word' id='word_1_213' title='bbox 748 2443 915 2522; x_wconf 91' lang='lat' dir='ltr'><strong>portendat.</strong></span> <span class='ocrx_word' id='word_1_214' title='bbox 938 2446 1029 2524; x_wconf 91' lang='lat' dir='ltr'><strong>igitur</strong></span> <span class='ocrx_word' id='word_1_215' title='bbox 1040 2448 1124 2524; x_wconf 88' lang='lat' dir='ltr'><strong>quasi</strong></span> 
     </span>
     <span class='ocr_line' id='line_1_27' title="bbox 115 2532 1123 2615; baseline -0.003 -17"><span class='ocrx_word' id='word_1_216' title='bbox 115 2540 172 2598; x_wconf 91' lang='lat' dir='ltr'><strong>iam</strong></span> <span class='ocrx_word' id='word_1_217' title='bbox 186 2535 309 2615; x_wconf 90' lang='lat' dir='ltr'><strong>depulso</strong></span> <span class='ocrx_word' id='word_1_218' title='bbox 319 2534 445 2613; x_wconf 89' lang='lat' dir='ltr'><strong>Nerone,</strong></span> <span class='ocrx_word' id='word_1_219' title='bbox 460 2535 596 2614; x_wconf 90' lang='lat' dir='ltr'><strong>quisnam</strong></span> <span class='ocrx_word' id='word_1_220' title='bbox 607 2532 787 2611; x_wconf 90' lang='lat' dir='ltr'><strong>deligeretur</strong></span> <span class='ocrx_word' id='word_1_221' title='bbox 796 2533 1000 2612; x_wconf 84' lang='lat' dir='ltr'><strong>anquirebaut.</strong></span> <span class='ocrx_word' id='word_1_222' title='bbox 1024 2543 1054 2595; x_wconf 90' lang='lat' dir='ltr'><strong>et</strong></span> <span class='ocrx_word' id='word_1_223' title='bbox 1064 2553 1123 2595; x_wconf 92' lang='lat' dir='ltr'><strong>om-</strong></span> 
     </span>
     <span class='ocr_line' id='line_1_28' title="bbox 115 2621 1124 2702; baseline -0.002 -16"><span class='ocrx_word' id='word_1_224' title='bbox 115 2629 197 2686; x_wconf 91' lang='lat' dir='ltr'><strong>nium</strong></span> <span class='ocrx_word' id='word_1_225' title='bbox 211 2644 262 2686; x_wconf 93' lang='lat' dir='ltr'><strong>ore</strong></span> <span class='ocrx_word' id='word_1_226' title='bbox 277 2623 430 2685; x_wconf 83' lang='lat' dir='ltr'><strong>Rubellius</strong></span> <span class='ocrx_word' id='word_1_227' title='bbox 444 2623 566 2686; x_wconf 86' lang='lat' dir='ltr'><strong>Plautus</strong></span> <span class='ocrx_word' id='word_1_228' title='bbox 580 2621 760 2702; x_wconf 89' lang='lat' dir='ltr'><strong>celebratur,</strong></span> <span class='ocrx_word' id='word_1_229' title='bbox 778 2623 828 2682; x_wconf 89' lang='lat' dir='ltr'><strong>cui</strong></span> <span class='ocrx_word' id='word_1_230' title='bbox 846 2622 983 2686; x_wconf 91' lang='lat' dir='ltr'><strong>nobilitas</strong></span> <span class='ocrx_word' id='word_1_231' title='bbox 997 2642 1051 2702; x_wconf 92' lang='lat' dir='ltr'><strong>per</strong></span> <span class='ocrx_word' id='word_1_232' title='bbox 1065 2643 1124 2685; x_wconf 89' lang='lat' dir='ltr'><strong>ma-</strong></span> 
     </span>
    </p>

    <p class='ocr_par' dir='ltr' id='par_1_5' title="bbox 88 2711 1125 3151">
     <span class='ocr_line' id='line_1_29' title="bbox 88 2711 1124 2792; baseline -0.006 -14"><span class='ocrx_word' id='word_1_233' title='bbox 88 2723 192 2780; x_wconf 76' lang='lat' dir='ltr'><strong>strem</strong></span> <span class='ocrx_word' id='word_1_234' title='bbox 211 2732 247 2774; x_wconf 82' lang='lat' dir='ltr'><strong>ex</strong></span> <span class='ocrx_word' id='word_1_235' title='bbox 263 2712 336 2773; x_wconf 92' lang='lat' dir='ltr'><strong>Iulia</strong></span> <span class='ocrx_word' id='word_1_236' title='bbox 355 2711 471 2774; x_wconf 84' lang='lat' dir='ltr'><strong>familia.</strong></span> <span class='ocrx_word' id='word_1_237' title='bbox 503 2715 567 2791; x_wconf 89' lang='lat' dir='ltr'><strong>ipse</strong></span> <span class='ocrx_word' id='word_1_238' title='bbox 585 2711 855 2790; x_wconf 80' lang='lat' dir='ltr'><strong>placitamaiorum</strong></span> <span class='ocrx_word' id='word_1_239' title='bbox 874 2711 1002 2792; x_wconf 88' lang='lat' dir='ltr'><strong>colebat,</strong></span> <span class='ocrx_word' id='word_1_240' title='bbox 1021 2712 1124 2774; x_wconf 91' lang='lat' dir='ltr'><strong>habitu</strong></span> 
     </span>
     <span class='ocr_line' id='line_1_30' title="bbox 116 2800 1125 2881; baseline 0 -19"><span class='ocrx_word' id='word_1_241' title='bbox 116 2820 232 2881; x_wconf 92' lang='lat' dir='ltr'><strong>severo,</strong></span> <span class='ocrx_word' id='word_1_242' title='bbox 256 2809 336 2861; x_wconf 93' lang='lat' dir='ltr'><strong>casta</strong></span> <span class='ocrx_word' id='word_1_243' title='bbox 359 2809 390 2862; x_wconf 92' lang='lat' dir='ltr'><strong>et</strong></span> <span class='ocrx_word' id='word_1_244' title='bbox 413 2808 527 2862; x_wconf 89' lang='lat' dir='ltr'><strong>secreta</strong></span> <span class='ocrx_word' id='word_1_245' title='bbox 545 2800 645 2880; x_wconf 91' lang='lat' dir='ltr'><strong>domo,</strong></span> <span class='ocrx_word' id='word_1_246' title='bbox 673 2807 843 2879; x_wconf 90' lang='lat' dir='ltr'><strong>quantoque</strong></span> <span class='ocrx_word' id='word_1_247' title='bbox 866 2808 948 2863; x_wconf 92' lang='lat' dir='ltr'><strong>metu</strong></span> <span class='ocrx_word' id='word_1_248' title='bbox 971 2801 1125 2881; x_wconf 88' lang='lat' dir='ltr'><strong>occultior,</strong></span> 
     </span>
     <span class='ocr_line' id='line_1_31' title="bbox 116 2888 1124 2969; baseline -0.002 -17"><span class='ocrx_word' id='word_1_249' title='bbox 116 2898 196 2952; x_wconf 92' lang='lat' dir='ltr'><strong>tanto</strong></span> <span class='ocrx_word' id='word_1_250' title='bbox 211 2888 381 2967; x_wconf 85' lang='lat' dir='ltr'><strong>pluslamae</strong></span> <span class='ocrx_word' id='word_1_251' title='bbox 391 2890 525 2969; x_wconf 89' lang='lat' dir='ltr'><strong>adeptus.</strong></span> <span class='ocrx_word' id='word_1_252' title='bbox 543 2891 625 2950; x_wconf 84' lang='lat' dir='ltr'><strong>auxit</strong></span> <span class='ocrx_word' id='word_1_253' title='bbox 634 2905 785 2948; x_wconf 90' lang='lat' dir='ltr'><strong>rumorem</strong></span> <span class='ocrx_word' id='word_1_254' title='bbox 794 2891 860 2967; x_wconf 89' lang='lat' dir='ltr'><strong>pari</strong></span> <span class='ocrx_word' id='word_1_255' title='bbox 869 2892 996 2952; x_wconf 87' lang='lat' dir='ltr'><strong>vanitate</strong></span> <span class='ocrx_word' id='word_1_256' title='bbox 1007 2899 1071 2951; x_wconf 89' lang='lat' dir='ltr'><strong>orta</strong></span> <span class='ocrx_word' id='word_1_257' title='bbox 1081 2893 1124 2950; x_wconf 94' lang='lat' dir='ltr'><strong>in-</strong></span> 
     </span>
     <span class='ocr_line' id='line_1_32' title="bbox 116 2975 1124 3058; baseline -0.001 -17"><span class='ocrx_word' id='word_1_258' title='bbox 116 2978 288 3058; x_wconf 91' lang='lat' dir='ltr'><strong>terpretatio</strong></span> <span class='ocrx_word' id='word_1_259' title='bbox 299 2976 433 3056; x_wconf 84' lang='lat' dir='ltr'><strong>fulguris.</strong></span> <span class='ocrx_word' id='word_1_260' title='bbox 456 2996 523 3037; x_wconf 90' lang='lat' dir='ltr'><strong>uam</strong></span> <span class='ocrx_word' id='word_1_261' title='bbox 531 2979 599 3057; x_wconf 89' lang='lat' dir='ltr'><strong>quia</strong></span> <span class='ocrx_word' id='word_1_262' title='bbox 607 2975 954 3041; x_wconf 88' lang='lat' dir='ltr'><strong>discumbentisNerouis</strong></span> <span class='ocrx_word' id='word_1_263' title='bbox 963 2979 1041 3058; x_wconf 81' lang='lat' dir='ltr'><strong>apud</strong></span> <span class='ocrx_word' id='word_1_264' title='bbox 1050 2979 1124 3040; x_wconf 87' lang='lat' dir='ltr'><strong>Sim-</strong></span> 
     </span>
     <span class='ocr_line' id='line_1_33' title="bbox 116 3058 1125 3151; baseline -0.001 -21"><span class='ocrx_word' id='word_1_265' title='bbox 116 3069 221 3130; x_wconf 90' lang='lat' dir='ltr'><strong>bruina</strong></span> <span class='ocrx_word' id='word_1_266' title='bbox 236 3074 338 3146; x_wconf 88' lang='lat' dir='ltr'><strong>stagna</strong></span> <span class='ocrx_word' id='word_1_267' title='bbox 353 3069 384 3127; x_wconf 82' lang='lat' dir='ltr'><strong>in</strong></span> <span class='ocrx_word' id='word_1_268' title='bbox 398 3069 478 3146; x_wconf 83' lang='lat' dir='ltr'><strong>cille,</strong></span> <span class='ocrx_word' id='word_1_269' title='bbox 492 3067 541 3126; x_wconf 93' lang='lat' dir='ltr'><strong>cui</strong></span> <span class='ocrx_word' id='word_1_270' title='bbox 551 3064 753 3144; x_wconf 91' lang='lat' dir='ltr'><strong>Sublaqueum</strong></span> <span class='ocrx_word' id='word_1_271' title='bbox 763 3084 871 3129; x_wconf 89' lang='lat' dir='ltr'><strong>nomen</strong></span> <span class='ocrx_word' id='word_1_272' title='bbox 880 3076 935 3151; x_wconf 92' lang='lat' dir='ltr'><strong>est,</strong></span> <span class='ocrx_word' id='word_1_273' title='bbox 949 3071 1024 3131; x_wconf 83' lang='lat' dir='ltr'><strong>ictae</strong></span> <span class='ocrx_word' id='word_1_274' title='bbox 1034 3058 1125 3148; x_wconf 87' lang='lat' dir='ltr'><strong>dapes</strong></span> 
     </span>
    </p>
   </div>
   <div class='ocr_carea' id='block_1_3' title="bbox 115 3163 1126 3594">
    <p class='ocr_par' dir='ltr' id='par_1_6' title="bbox 115 3163 1126 3594">
     <span class='ocr_line' id='line_1_34' title="bbox 186 3163 1125 3237; baseline 0.002 -15"><span class='ocrx_word' id='word_1_275' title='bbox 186 3167 232 3235; x_wconf 83' lang='grc'><strong>21,</strong></span> <span class='ocrx_word' id='word_1_276' title='bbox 249 3173 282 3222; x_wconf 86' lang='grc'><strong>10</strong></span> <span class='ocrx_word' id='word_1_277' title='bbox 301 3166 490 3221; x_wconf 80' lang='lat' dir='ltr'><strong>destrueretur</strong></span> <span class='ocrx_word' id='word_1_278' title='bbox 504 3165 614 3221; x_wconf 83' lang='lat' dir='ltr'><strong>Nodell:</strong></span> <span class='ocrx_word' id='word_1_279' title='bbox 634 3163 787 3220; x_wconf 68' lang='lat' dir='ltr'><strong>strueretur</strong></span> <span class='ocrx_word' id='word_1_280' title='bbox 802 3168 807 3237; x_wconf 85' lang='grc' dir='ltr'>Ι</span> <span class='ocrx_word' id='word_1_281' title='bbox 825 3172 857 3222; x_wconf 88' lang='grc'><strong>12</strong></span> <span class='ocrx_word' id='word_1_282' title='bbox 872 3169 963 3223; x_wconf 76' lang='lat' dir='ltr'><strong>cedd.</strong></span> <span class='ocrx_word' id='word_1_283' title='bbox 973 3167 1125 3224; x_wconf 82' lang='lat' dir='ltr'><strong>Rbeuauus</strong></span> 
     </span>
     <span class='ocr_line' id='line_1_35' title="bbox 117 3235 1125 3313; baseline 0 -19"><span class='ocrx_word' id='word_1_284' title='bbox 117 3242 176 3313; x_wconf 74' lang='lat' dir='ltr'><strong>l1⁷</strong></span> <span class='ocrx_word' id='word_1_285' title='bbox 199 3237 288 3294; x_wconf 87' lang='lat' dir='ltr'><strong>totius</strong></span> <span class='ocrx_word' id='word_1_286' title='bbox 310 3237 438 3307; x_wconf 79' lang='lat' dir='ltr'><strong>Lipsius:</strong></span> <span class='ocrx_word' id='word_1_287' title='bbox 466 3235 563 3306; x_wconf 81' lang='lat' dir='ltr'><strong>potius</strong></span> <span class='ocrx_word' id='word_1_288' title='bbox 584 3239 589 3306; x_wconf 89' lang='grc' dir='ltr'>Ι</span> <span class='ocrx_word' id='word_1_289' title='bbox 614 3242 646 3291; x_wconf 84' lang='grc'><strong>19</strong></span> <span class='ocrx_word' id='word_1_290' title='bbox 669 3235 785 3305; x_wconf 67' lang='lat' dir='ltr'><strong>mansit,</strong></span> <span class='ocrx_word' id='word_1_291' title='bbox 813 3254 860 3295; x_wconf 82' lang='lat' dir='ltr'><strong>em.</strong></span> <span class='ocrx_word' id='word_1_292' title='bbox 884 3239 955 3294; x_wconf 77' lang='lat' dir='ltr'><strong>idem</strong></span> <span class='ocrx_word' id='word_1_293' title='bbox 978 3239 984 3308; x_wconf 86' lang='grc' dir='ltr'>Ι</span> <span class='ocrx_word' id='word_1_294' title='bbox 1009 3245 1042 3293; x_wconf 82' lang='grc'><strong>23</strong></span> <span class='ocrx_word' id='word_1_295' title='bbox 1062 3240 1125 3308; x_wconf 90' lang='lat' dir='ltr'><strong>quis</strong></span> 
     </span>
     <span class='ocr_line' id='line_1_36' title="bbox 118 3305 1126 3378; baseline -0.003 -11"><span class='ocrx_word' id='word_1_296' title='bbox 118 3311 283 3368; x_wconf 77' lang='lat' dir='ltr'><strong>Groelotius:</strong></span> <span class='ocrx_word' id='word_1_297' title='bbox 298 3327 352 3378; x_wconf 90' lang='lat' dir='ltr'><strong>quo</strong></span> <span class='ocrx_word' id='word_1_298' title='bbox 369 3313 373 3377; x_wconf 93' lang='grc' dir='ltr'>Ι</span> <span class='ocrx_word' id='word_1_299' title='bbox 389 3309 449 3363; x_wconf 90' lang='lat' dir='ltr'><strong>tum</strong></span> <span class='ocrx_word' id='word_1_300' title='bbox 463 3307 649 3377; x_wconf 78' lang='lat' dir='ltr'><strong>exoleuerant,</strong></span> <span class='ocrx_word' id='word_1_301' title='bbox 664 3325 712 3364; x_wconf 84' lang='lat' dir='ltr'><strong>em.</strong></span> <span class='ocrx_word' id='word_1_302' title='bbox 721 3305 932 3375; x_wconf 72' lang='lat' dir='ltr'><strong>Heinsiusfiem</strong></span> <span class='ocrx_word' id='word_1_303' title='bbox 945 3307 1126 3366; x_wconf 86' lang='lat' dir='ltr'><strong>exoleverunt</strong></span> 
     </span>
     <span class='ocr_line' id='line_1_37' title="bbox 120 3377 1125 3451; baseline -0.001 -13"><span class='ocrx_word' id='word_1_304' title='bbox 120 3382 237 3451; x_wconf 81' lang='lat' dir='ltr'><strong>Urlichs)</strong></span> <span class='ocrx_word' id='word_1_305' title='bbox 261 3384 266 3448; x_wconf 85' lang='lat' dir='ltr'><strong>l</strong></span> <span class='ocrx_word' id='word_1_306' title='bbox 291 3381 342 3448; x_wconf 82' lang='grc'><strong>22,</strong></span> <span class='ocrx_word' id='word_1_307' title='bbox 362 3387 377 3434; x_wconf 86' lang='grc'><strong>2</strong></span> <span class='ocrx_word' id='word_1_308' title='bbox 396 3377 490 3449; x_wconf 87' lang='lat' dir='ltr'><strong>regnis</strong></span> <span class='ocrx_word' id='word_1_309' title='bbox 508 3379 624 3451; x_wconf 73' lang='lat' dir='ltr'><strong>Bentley</strong></span> <span class='ocrx_word' id='word_1_310' title='bbox 647 3384 650 3444; x_wconf 90' lang='grc' dir='ltr'>Ι</span> <span class='ocrx_word' id='word_1_311' title='bbox 676 3385 693 3434; x_wconf 82' lang='lat'>4</span> <span class='ocrx_word' id='word_1_312' title='bbox 712 3377 907 3434; x_wconf 83' lang='lat' dir='ltr'><strong>celebrshstur</strong></span> <span class='ocrx_word' id='word_1_313' title='bbox 925 3379 1054 3437; x_wconf 81' lang='lat' dir='ltr'><strong>Muretus</strong></span> <span class='ocrx_word' id='word_1_314' title='bbox 1078 3384 1083 3451; x_wconf 88' lang='grc' dir='ltr'>Ι</span> <span class='ocrx_word' id='word_1_315' title='bbox 1110 3389 1125 3437; x_wconf 83' lang='lat' dir='ltr'><strong>&#39;l</strong></span> 
     </span>
     <span class='ocr_line' id='line_1_38' title="bbox 115 3448 1125 3523; baseline 0 -17"><span class='ocrx_word' id='word_1_316' title='bbox 115 3455 245 3523; x_wconf 76' lang='lat' dir='ltr'><strong>rumore}</strong></span> <span class='ocrx_word' id='word_1_317' title='bbox 261 3450 388 3507; x_wconf 79' lang='lat' dir='ltr'><strong>interra.</strong></span> <span class='ocrx_word' id='word_1_318' title='bbox 404 3454 433 3505; x_wconf 88' lang='lat' dir='ltr'><strong>et</strong></span> <span class='ocrx_word' id='word_1_319' title='bbox 451 3448 509 3506; x_wconf 82' lang='lat' dir='ltr'><strong>etio</strong></span> <span class='ocrx_word' id='word_1_320' title='bbox 526 3453 530 3520; x_wconf 89' lang='grc' dir='ltr'>Ι</span> <span class='ocrx_word' id='word_1_321' title='bbox 547 3457 562 3506; x_wconf 82' lang='grc'>9</span> <span class='ocrx_word' id='word_1_322' title='bbox 580 3450 611 3505; x_wconf 88' lang='lat' dir='ltr'><strong>in</strong></span> <span class='ocrx_word' id='word_1_323' title='bbox 628 3449 699 3505; x_wconf 81' lang='lat' dir='ltr'><strong>villa</strong></span> <span class='ocrx_word' id='word_1_324' title='bbox 723 3451 786 3508; x_wconf 81' lang='lat' dir='ltr'><strong>add.</strong></span> <span class='ocrx_word' id='word_1_325' title='bbox 805 3449 1001 3522; x_wconf 77' lang='lat' dir='ltr'><strong>Besseuberger</strong></span> <span class='ocrx_word' id='word_1_326' title='bbox 1019 3453 1079 3514; x_wconf 85' lang='lat' dir='ltr'><strong>coll.</strong></span> <span class='ocrx_word' id='word_1_327' title='bbox 1099 3457 1125 3520; x_wconf 77' lang='grc'><strong>4,</strong></span> 
     </span>
     <span class='ocr_line' id='line_1_39' title="bbox 116 3521 779 3594; baseline -0.006 -13"><span class='ocrx_word' id='word_1_328' title='bbox 116 3529 152 3581; x_wconf 86' lang='grc'><strong>59</strong></span> <span class='ocrx_word' id='word_1_329' title='bbox 169 3531 195 3581; x_wconf 84' lang='lat' dir='ltr'><strong>et</strong></span> <span class='ocrx_word' id='word_1_330' title='bbox 213 3530 240 3594; x_wconf 83' lang='lat'><strong>6,</strong></span> <span class='ocrx_word' id='word_1_331' title='bbox 260 3529 305 3592; x_wconf 84' lang='lat'><strong>50,</strong></span> <span class='ocrx_word' id='word_1_332' title='bbox 322 3523 385 3579; x_wconf 92' lang='lat' dir='ltr'><strong>loco</strong></span> <span class='ocrx_word' id='word_1_333' title='bbox 405 3523 468 3580; x_wconf 85' lang='lat' dir='ltr'><strong>add.</strong></span> <span class='ocrx_word' id='word_1_334' title='bbox 488 3522 531 3580; x_wconf 82' lang='lat' dir='ltr'><strong>Jo.</strong></span> <span class='ocrx_word' id='word_1_335' title='bbox 552 3521 603 3579; x_wconf 84' lang='lat' dir='ltr'><strong>Fr.</strong></span> <span class='ocrx_word' id='word_1_336' title='bbox 625 3521 779 3580; x_wconf 77' lang='lat' dir='ltr'><strong>Gronovius</strong></span> 
     </span>
    </p>
   </div>
   <div class='ocr_carea' id='block_1_4' title="bbox 0 0 1203 3876">
    <p class='ocr_par' dir='ltr' id='par_1_7' title="bbox 0 0 1203 3876">
     <span class='ocr_line' id='line_1_40' title="bbox 0 0 1203 3876; baseline 0 0"><span class='ocrx_word' id='word_1_337' title='bbox 0 0 1203 3876; x_wconf 95' lang='lat' dir='ltr'><strong> </strong></span> 
     </span>
    </p>
   </div>
  </div>
 </body>
</html>
