<?xml version="1.0" encoding="UTF-8"?>
<!DOCTYPE html PUBLIC "-//W3C//DTD XHTML 1.0 Transitional//EN"
    "http://www.w3.org/TR/xhtml1/DTD/xhtml1-transitional.dtd">
<html xmlns="http://www.w3.org/1999/xhtml" xml:lang="en" lang="en">
 <head>
  <title>
</title>
<meta http-equiv="Content-Type" content="text/html;charset=utf-8" />
  <meta name='ocr-system' content='tesseract 3.04.00' />
  <meta name='ocr-capabilities' content='ocr_page ocr_carea ocr_par ocr_line ocrx_word'/>
</head>
<body>
  <div class='ocr_page' id='page_1' title='image "./libriquisupersu00halmgoog_0137.png"; bbox 0 0 2392 3876; ppageno 0'>
   <div class='ocr_carea' id='block_1_1' title="bbox 144 161 799 226">
    <p class='ocr_par' dir='ltr' id='par_1_1' title="bbox 144 161 799 226">
     <span class='ocr_line' id='line_1_1' title="bbox 144 161 799 226; baseline 0.002 -10"><span class='ocrx_word' id='word_1_1' title='bbox 144 163 207 226; x_wconf 82' lang='grc'><strong>126</strong></span> <span class='ocrx_word' id='word_1_2' title='bbox 494 161 664 216; x_wconf 81' lang='lat' dir='ltr'>CORNELII</span> <span class='ocrx_word' id='word_1_3' title='bbox 681 161 799 216; x_wconf 80' lang='lat' dir='ltr'><strong>TACITI</strong></span> 
     </span>
    </p>
   </div>
   <div class='ocr_carea' id='block_1_2' title="bbox 48 309 1161 3398">
    <p class='ocr_par' dir='ltr' id='par_1_2' title="bbox 48 309 1161 3398">
     <span class='ocr_line' id='line_1_2' title="bbox 142 309 1161 396; baseline 0.003 -24"><span class='ocrx_word' id='word_1_4' title='bbox 142 310 276 391; x_wconf 91' lang='lat' dir='ltr'><strong>publicae</strong></span> <span class='ocrx_word' id='word_1_5' title='bbox 300 319 413 392; x_wconf 93' lang='lat' dir='ltr'><strong>partes,</strong></span> <span class='ocrx_word' id='word_1_6' title='bbox 445 309 553 389; x_wconf 90' lang='lat' dir='ltr'><strong>quibus</strong></span> <span class='ocrx_word' id='word_1_7' title='bbox 576 311 671 371; x_wconf 83' lang='lat' dir='ltr'><strong>modis</strong></span> <span class='ocrx_word' id='word_1_8' title='bbox 694 310 730 370; x_wconf 93' lang='lat' dir='ltr'><strong>ad</strong></span> <span class='ocrx_word' id='word_1_9' title='bbox 754 328 818 370; x_wconf 93' lang='lat' dir='ltr'><strong>eam</strong></span> <span class='ocrx_word' id='word_1_10' title='bbox 842 309 920 371; x_wconf 91' lang='lat' dir='ltr'><strong>diem</strong></span> <span class='ocrx_word' id='word_1_11' title='bbox 943 310 1067 373; x_wconf 90' lang='lat' dir='ltr'><strong>habitae</strong></span> <span class='ocrx_word' id='word_1_12' title='bbox 1092 317 1161 396; x_wconf 90' lang='lat' dir='ltr'><strong>sint,</strong></span> 
     </span>
     <span class='ocr_line' id='line_1_3' title="bbox 143 398 1160 479; baseline 0.002 -18"><span class='ocrx_word' id='word_1_13' title='bbox 143 402 280 479; x_wconf 91' lang='lat' dir='ltr'><strong>quoniam</strong></span> <span class='ocrx_word' id='word_1_14' title='bbox 300 399 421 461; x_wconf 82' lang='lat' dir='ltr'><strong>Tiberio</strong></span> <span class='ocrx_word' id='word_1_15' title='bbox 439 402 545 459; x_wconf 88' lang='lat' dir='ltr'><strong>mutati</strong></span> <span class='ocrx_word' id='word_1_16' title='bbox 562 402 594 459; x_wconf 96' lang='lat' dir='ltr'><strong>in</strong></span> <span class='ocrx_word' id='word_1_17' title='bbox 613 398 745 459; x_wconf 90' lang='lat' dir='ltr'><strong>deterius</strong></span> <span class='ocrx_word' id='word_1_18' title='bbox 763 401 947 478; x_wconf 83' lang='lat' dir='ltr'>principatus</span> <span class='ocrx_word' id='word_1_19' title='bbox 966 402 1092 462; x_wconf 92' lang='lat' dir='ltr'><strong>initium</strong></span> <span class='ocrx_word' id='word_1_20' title='bbox 1110 403 1160 463; x_wconf 93' lang='lat' dir='ltr'><strong>ille</strong></span> 
     </span>
     <span class='ocr_line' id='line_1_4' title="bbox 141 487 1159 567; baseline 0.003 -18"><span class='ocrx_word' id='word_1_21' title='bbox 141 506 236 549; x_wconf 90' lang='lat' dir='ltr'><strong>annus</strong></span> <span class='ocrx_word' id='word_1_22' title='bbox 246 488 352 549; x_wconf 90' lang='lat' dir='ltr'><strong>attulit.</strong></span> <span class='ocrx_word' id='word_1_23' title='bbox 376 491 434 548; x_wconf 91' lang='lat' dir='ltr'><strong>iam</strong></span> <span class='ocrx_word' id='word_1_24' title='bbox 445 491 575 567; x_wconf 90' lang='lat' dir='ltr'><strong>primum</strong></span> <span class='ocrx_word' id='word_1_25' title='bbox 588 487 706 566; x_wconf 88' lang='lat' dir='ltr'><strong>publica</strong></span> <span class='ocrx_word' id='word_1_26' title='bbox 721 488 837 566; x_wconf 91' lang='lat' dir='ltr'><strong>negotia</strong></span> <span class='ocrx_word' id='word_1_27' title='bbox 851 495 881 547; x_wconf 91' lang='lat' dir='ltr'><strong>et</strong></span> <span class='ocrx_word' id='word_1_28' title='bbox 894 489 1085 565; x_wconf 90' lang='lat' dir='ltr'><strong>privatorum</strong></span> <span class='ocrx_word' id='word_1_29' title='bbox 1099 510 1159 552; x_wconf 91' lang='lat' dir='ltr'><strong>ma-</strong></span> 
     </span>
     <span class='ocr_line' id='line_1_5' title="bbox 114 574 1158 656; baseline 0.004 -19"><span class='ocrx_word' id='word_1_30' title='bbox 114 579 217 638; x_wconf 71' lang='lat' dir='ltr'><strong>eximo</strong></span> <span class='ocrx_word' id='word_1_31' title='bbox 232 577 310 656; x_wconf 90' lang='lat' dir='ltr'><strong>apud</strong></span> <span class='ocrx_word' id='word_1_32' title='bbox 325 585 425 655; x_wconf 91' lang='lat' dir='ltr'><strong>patres</strong></span> <span class='ocrx_word' id='word_1_33' title='bbox 440 575 650 656; x_wconf 76' lang='lat' dir='ltr'><strong>tractabantur,</strong></span> <span class='ocrx_word' id='word_1_34' title='bbox 665 574 849 654; x_wconf 81' lang='lat' dir='ltr'><strong>dabaturque</strong></span> <span class='ocrx_word' id='word_1_35' title='bbox 863 575 1048 655; x_wconf 88' lang='lat' dir='ltr'><strong>primoribus</strong></span> <span class='ocrx_word' id='word_1_36' title='bbox 1064 579 1158 641; x_wconf 88' lang='lat' dir='ltr'><strong>disse·</strong></span> 
     </span>
     <span class='ocr_line' id='line_1_6' title="bbox 140 662 1157 746; baseline 0.003 -21"><span class='ocrx_word' id='word_1_37' title='bbox 140 684 224 746; x_wconf 90' lang='lat' dir='ltr'><strong>rere,</strong></span> <span class='ocrx_word' id='word_1_38' title='bbox 243 674 273 725; x_wconf 91' lang='lat' dir='ltr'><strong>et</strong></span> <span class='ocrx_word' id='word_1_39' title='bbox 291 667 322 724; x_wconf 93' lang='lat' dir='ltr'><strong>in</strong></span> <span class='ocrx_word' id='word_1_40' title='bbox 341 664 538 725; x_wconf 89' lang='lat' dir='ltr'><strong>adulationem</strong></span> <span class='ocrx_word' id='word_1_41' title='bbox 552 663 650 743; x_wconf 92' lang='lat' dir='ltr'><strong>lapsos</strong></span> <span class='ocrx_word' id='word_1_42' title='bbox 664 662 820 724; x_wconf 88' lang='lat' dir='ltr'><strong>cohibebat</strong></span> <span class='ocrx_word' id='word_1_43' title='bbox 837 666 915 744; x_wconf 81' lang='lat' dir='ltr'><strong>ipsc3</strong></span> <span class='ocrx_word' id='word_1_44' title='bbox 935 665 1157 746; x_wconf 87' lang='lat' dir='ltr'><strong>mandabatque</strong></span> 
     </span>
     <span class='ocr_line' id='line_1_7' title="bbox 140 746 1157 834; baseline 0.004 -21"><span class='ocrx_word' id='word_1_45' title='bbox 140 753 279 833; x_wconf 89' lang='lat' dir='ltr'><strong>honores,</strong></span> <span class='ocrx_word' id='word_1_46' title='bbox 294 751 477 813; x_wconf 91' lang='lat' dir='ltr'><strong>nobilitatem</strong></span> <span class='ocrx_word' id='word_1_47' title='bbox 489 755 642 832; x_wconf 88' lang='lat' dir='ltr'><strong>maiorum,</strong></span> <span class='ocrx_word' id='word_1_48' title='bbox 652 751 858 814; x_wconf 83' lang='lat' dir='ltr'><strong>claritudinem</strong></span> <span class='ocrx_word' id='word_1_49' title='bbox 868 752 999 834; x_wconf 90' lang='lat' dir='ltr'><strong>militiae,</strong></span> <span class='ocrx_word' id='word_1_50' title='bbox 1009 746 1157 816; x_wconf 85' lang='lat' dir='ltr'><strong>inlustres</strong></span> 
     </span>
     <span class='ocr_line' id='line_1_8' title="bbox 141 840 1157 922; baseline 0.005 -22"><span class='ocrx_word' id='word_1_51' title='bbox 141 840 220 901; x_wconf 90' lang='lat' dir='ltr'><strong>domi</strong></span> <span class='ocrx_word' id='word_1_52' title='bbox 239 850 319 901; x_wconf 89' lang='lat' dir='ltr'><strong>artes</strong></span> <span class='ocrx_word' id='word_1_53' title='bbox 337 840 513 922; x_wconf 90' lang='lat' dir='ltr'><strong>spectando,</strong></span> <span class='ocrx_word' id='word_1_54' title='bbox 534 850 568 902; x_wconf 86' lang='lat' dir='ltr'><strong>ut</strong></span> <span class='ocrx_word' id='word_1_55' title='bbox 588 843 659 901; x_wconf 90' lang='lat' dir='ltr'><strong>satis</strong></span> <span class='ocrx_word' id='word_1_56' title='bbox 681 848 831 901; x_wconf 89' lang='lat' dir='ltr'><strong>constaret</strong></span> <span class='ocrx_word' id='word_1_57' title='bbox 849 858 909 900; x_wconf 91' lang='lat' dir='ltr'><strong>non</strong></span> <span class='ocrx_word' id='word_1_58' title='bbox 928 841 1000 902; x_wconf 90' lang='lat' dir='ltr'><strong>alios</strong></span> <span class='ocrx_word' id='word_1_59' title='bbox 1018 846 1157 921; x_wconf 89' lang='lat' dir='ltr'><strong>potiores</strong></span> 
     </span>
     <span class='ocr_line' id='line_1_9' title="bbox 141 928 1156 1010; baseline 0.006 -22"><span class='ocrx_word' id='word_1_60' title='bbox 141 930 241 989; x_wconf 89' lang='lat' dir='ltr'><strong>luisse.</strong></span> <span class='ocrx_word' id='word_1_61' title='bbox 278 946 331 989; x_wconf 87' lang='lat' dir='ltr'><strong>sua</strong></span> <span class='ocrx_word' id='word_1_62' title='bbox 354 928 539 1009; x_wconf 90' lang='lat' dir='ltr'><strong>consulibus,</strong></span> <span class='ocrx_word' id='word_1_63' title='bbox 563 947 615 989; x_wconf 92' lang='lat' dir='ltr'><strong>sua</strong></span> <span class='ocrx_word' id='word_1_64' title='bbox 639 928 827 1007; x_wconf 89' lang='lat' dir='ltr'><strong>praetoribus</strong></span> <span class='ocrx_word' id='word_1_65' title='bbox 850 932 978 1010; x_wconf 84' lang='lat' dir='ltr'><strong>species3</strong></span> <span class='ocrx_word' id='word_1_66' title='bbox 1001 934 1156 994; x_wconf 87' lang='lat' dir='ltr'><strong>minorum</strong></span> 
     </span>
     <span class='ocr_line' id='line_1_10' title="bbox 48 1016 1155 1099; baseline 0.009 -29"><span class='ocrx_word' id='word_1_67' title='bbox 48 1074 60 1095; x_wconf 41' lang='lat'>⁸</span> <span class='ocrx_word' id='word_1_68' title='bbox 100 1029 126 1070; x_wconf 81' lang='lat' dir='ltr'><strong>ao</strong></span> <span class='ocrx_word' id='word_1_69' title='bbox 141 1034 259 1095; x_wconf 90' lang='lat' dir='ltr'><strong>quoque</strong></span> <span class='ocrx_word' id='word_1_70' title='bbox 274 1018 499 1095; x_wconf 82' lang='lat' dir='ltr'><strong>magistratuum</strong></span> <span class='ocrx_word' id='word_1_71' title='bbox 513 1020 641 1078; x_wconf 88' lang='lat' dir='ltr'><strong>exercita</strong></span> <span class='ocrx_word' id='word_1_72' title='bbox 655 1024 799 1097; x_wconf 80' lang='lat' dir='ltr'><strong>potestas3</strong></span> <span class='ocrx_word' id='word_1_73' title='bbox 813 1016 962 1099; x_wconf 81' lang='lat' dir='ltr'><strong>legesque,</strong></span> <span class='ocrx_word' id='word_1_74' title='bbox 976 1021 1002 1078; x_wconf 92' lang='lat' dir='ltr'><strong>si</strong></span> <span class='ocrx_word' id='word_1_75' title='bbox 1016 1022 1155 1082; x_wconf 90' lang='lat' dir='ltr'><strong>maiesta-</strong></span> 
     </span>
     <span class='ocr_line' id='line_1_11' title="bbox 140 1104 1155 1185; baseline 0.007 -21"><span class='ocrx_word' id='word_1_76' title='bbox 140 1106 179 1165; x_wconf 91' lang='lat' dir='ltr'><strong>tis</strong></span> <span class='ocrx_word' id='word_1_77' title='bbox 194 1107 327 1183; x_wconf 88' lang='lat' dir='ltr'><strong>quaestio</strong></span> <span class='ocrx_word' id='word_1_78' title='bbox 342 1107 531 1185; x_wconf 81' lang='lat' dir='ltr'><strong>eximeretur,</strong></span> <span class='ocrx_word' id='word_1_79' title='bbox 544 1104 622 1165; x_wconf 93' lang='lat' dir='ltr'><strong>bono</strong></span> <span class='ocrx_word' id='word_1_80' title='bbox 636 1108 668 1166; x_wconf 91' lang='lat' dir='ltr'><strong>in</strong></span> <span class='ocrx_word' id='word_1_81' title='bbox 682 1124 747 1166; x_wconf 91' lang='lat' dir='ltr'><strong>usu.</strong></span> <span class='ocrx_word' id='word_1_82' title='bbox 771 1114 800 1166; x_wconf 90' lang='lat' dir='ltr'><strong>at</strong></span> <span class='ocrx_word' id='word_1_83' title='bbox 809 1106 957 1166; x_wconf 88' lang='lat' dir='ltr'><strong>frumenta</strong></span> <span class='ocrx_word' id='word_1_84' title='bbox 967 1114 998 1168; x_wconf 89' lang='lat' dir='ltr'><strong>et</strong></span> <span class='ocrx_word' id='word_1_85' title='bbox 1006 1112 1155 1185; x_wconf 89' lang='lat' dir='ltr'><strong>pecuniae</strong></span> 
     </span>
     <span class='ocr_line' id='line_1_12' title="bbox 139 1192 1154 1275; baseline 0.005 -22"><span class='ocrx_word' id='word_1_86' title='bbox 139 1192 310 1274; x_wconf 83' lang='lat' dir='ltr'><strong>vectigales,</strong></span> <span class='ocrx_word' id='word_1_87' title='bbox 329 1201 427 1254; x_wconf 90' lang='lat' dir='ltr'><strong>cetera</strong></span> <span class='ocrx_word' id='word_1_88' title='bbox 441 1193 629 1272; x_wconf 91' lang='lat' dir='ltr'><strong>publicorum</strong></span> <span class='ocrx_word' id='word_1_89' title='bbox 643 1195 796 1255; x_wconf 87' lang='lat' dir='ltr'><strong>fructuum</strong></span> <span class='ocrx_word' id='word_1_90' title='bbox 810 1193 1001 1256; x_wconf 86' lang='lat' dir='ltr'><strong>societatibus</strong></span> <span class='ocrx_word' id='word_1_91' title='bbox 1016 1200 1154 1275; x_wconf 90' lang='lat' dir='ltr'><strong>equitnm</strong></span> 
     </span>
     <span class='ocr_line' id='line_1_13' title="bbox 139 1280 1155 1361; baseline 0.006 -20"><span class='ocrx_word' id='word_1_92' title='bbox 139 1280 340 1345; x_wconf 87' lang='lat' dir='ltr'><strong>Romanorum</strong></span> <span class='ocrx_word' id='word_1_93' title='bbox 359 1281 553 1360; x_wconf 81' lang='lat' dir='ltr'><strong>agitabantur.</strong></span> <span class='ocrx_word' id='word_1_94' title='bbox 589 1301 639 1343; x_wconf 91' lang='lat' dir='ltr'><strong>res</strong></span> <span class='ocrx_word' id='word_1_95' title='bbox 653 1301 722 1343; x_wconf 90' lang='lat' dir='ltr'><strong>snas</strong></span> <span class='ocrx_word' id='word_1_96' title='bbox 737 1282 844 1342; x_wconf 87' lang='lat' dir='ltr'><strong>Caesar</strong></span> <span class='ocrx_word' id='word_1_97' title='bbox 857 1286 1077 1361; x_wconf 90' lang='lat' dir='ltr'><strong>spectatissimo</strong></span> <span class='ocrx_word' id='word_1_98' title='bbox 1093 1288 1155 1347; x_wconf 90' lang='lat' dir='ltr'><strong>cui·</strong></span> 
     </span>
     <span class='ocr_line' id='line_1_14' title="bbox 140 1369 1154 1452; baseline 0.004 -22"><span class='ocrx_word' id='word_1_99' title='bbox 140 1389 213 1451; x_wconf 93' lang='lat' dir='ltr'><strong>que,</strong></span> <span class='ocrx_word' id='word_1_100' title='bbox 239 1369 414 1449; x_wconf 90' lang='lat' dir='ltr'><strong>quibusdam</strong></span> <span class='ocrx_word' id='word_1_101' title='bbox 437 1373 546 1449; x_wconf 90' lang='lat' dir='ltr'><strong>ignotis</strong></span> <span class='ocrx_word' id='word_1_102' title='bbox 570 1389 606 1432; x_wconf 85' lang='lat' dir='ltr'><strong>ex</strong></span> <span class='ocrx_word' id='word_1_103' title='bbox 629 1372 705 1431; x_wconf 87' lang='lat' dir='ltr'><strong>fama</strong></span> <span class='ocrx_word' id='word_1_104' title='bbox 728 1370 898 1452; x_wconf 91' lang='lat' dir='ltr'><strong>mandabat,</strong></span> <span class='ocrx_word' id='word_1_105' title='bbox 926 1371 1081 1451; x_wconf 89' lang='lat' dir='ltr'><strong>semelque</strong></span> <span class='ocrx_word' id='word_1_106' title='bbox 1105 1374 1154 1434; x_wconf 92' lang='lat' dir='ltr'><strong>ad-</strong></span> 
     </span>
     <span class='ocr_line' id='line_1_15' title="bbox 100 1458 1154 1540; baseline 0.004 -21"><span class='ocrx_word' id='word_1_107' title='bbox 100 1472 125 1512; x_wconf 80' lang='lat'><strong>1⁶</strong></span> <span class='ocrx_word' id='word_1_108' title='bbox 140 1462 251 1538; x_wconf 89' lang='lat' dir='ltr'><strong>sumpti</strong></span> <span class='ocrx_word' id='word_1_109' title='bbox 270 1458 448 1521; x_wconf 90' lang='lat' dir='ltr'><strong>tenebantur</strong></span> <span class='ocrx_word' id='word_1_110' title='bbox 466 1478 590 1540; x_wconf 91' lang='lat' dir='ltr'><strong>prorsus</strong></span> <span class='ocrx_word' id='word_1_111' title='bbox 609 1463 673 1520; x_wconf 91' lang='lat' dir='ltr'><strong>sine</strong></span> <span class='ocrx_word' id='word_1_112' title='bbox 693 1459 795 1540; x_wconf 91' lang='lat' dir='ltr'><strong>modo,</strong></span> <span class='ocrx_word' id='word_1_113' title='bbox 813 1477 882 1520; x_wconf 91' lang='lat' dir='ltr'><strong>cum</strong></span> <span class='ocrx_word' id='word_1_114' title='bbox 900 1459 1035 1538; x_wconf 89' lang='lat' dir='ltr'><strong>plerique</strong></span> <span class='ocrx_word' id='word_1_115' title='bbox 1056 1462 1154 1523; x_wconf 89' lang='lat' dir='ltr'><strong>isdem</strong></span> 
     </span>
     <span class='ocr_line' id='line_1_16' title="bbox 139 1547 1154 1629; baseline 0.004 -21"><span class='ocrx_word' id='word_1_116' title='bbox 139 1550 265 1626; x_wconf 89' lang='lat' dir='ltr'><strong>negotiis</strong></span> <span class='ocrx_word' id='word_1_117' title='bbox 288 1551 519 1609; x_wconf 86' lang='lat' dir='ltr'><strong>insenescerent.</strong></span> <span class='ocrx_word' id='word_1_118' title='bbox 555 1548 656 1628; x_wconf 90' lang='lat' dir='ltr'><strong>plebes</strong></span> <span class='ocrx_word' id='word_1_119' title='bbox 680 1550 742 1608; x_wconf 90' lang='lat' dir='ltr'><strong>acri</strong></span> <span class='ocrx_word' id='word_1_120' title='bbox 765 1547 885 1626; x_wconf 88' lang='lat' dir='ltr'><strong>quidem</strong></span> <span class='ocrx_word' id='word_1_121' title='bbox 909 1566 1024 1608; x_wconf 90' lang='lat' dir='ltr'><strong>annona</strong></span> <span class='ocrx_word' id='word_1_122' title='bbox 1048 1550 1154 1629; x_wconf 86' lang='lat' dir='ltr'><strong>latiga-</strong></span> 
     </span>
     <span class='ocr_line' id='line_1_17' title="bbox 139 1636 1154 1716; baseline 0.004 -20"><span class='ocrx_word' id='word_1_123' title='bbox 139 1636 239 1716; x_wconf 90' lang='lat' dir='ltr'><strong>batur,</strong></span> <span class='ocrx_word' id='word_1_124' title='bbox 258 1637 309 1697; x_wconf 92' lang='lat' dir='ltr'><strong>sed</strong></span> <span class='ocrx_word' id='word_1_125' title='bbox 328 1637 408 1698; x_wconf 91' lang='lat' dir='ltr'><strong>nulla</strong></span> <span class='ocrx_word' id='word_1_126' title='bbox 426 1639 457 1697; x_wconf 94' lang='lat' dir='ltr'><strong>in</strong></span> <span class='ocrx_word' id='word_1_127' title='bbox 476 1655 511 1698; x_wconf 90' lang='lat' dir='ltr'><strong>eo</strong></span> <span class='ocrx_word' id='word_1_128' title='bbox 531 1636 617 1716; x_wconf 91' lang='lat' dir='ltr'><strong>culpa</strong></span> <span class='ocrx_word' id='word_1_129' title='bbox 636 1655 672 1696; x_wconf 86' lang='lat' dir='ltr'><strong>ex</strong></span> <span class='ocrx_word' id='word_1_130' title='bbox 690 1638 837 1716; x_wconf 90' lang='lat' dir='ltr'><strong>principe:</strong></span> <span class='ocrx_word' id='word_1_131' title='bbox 857 1639 928 1715; x_wconf 93' lang='lat' dir='ltr'><strong>quin</strong></span> <span class='ocrx_word' id='word_1_132' title='bbox 942 1637 1154 1700; x_wconf 81' lang='lat' dir='ltr'><strong>infecunditati</strong></span> 
     </span>
     <span class='ocr_line' id='line_1_18' title="bbox 138 1723 1153 1805; baseline 0.004 -20"><span class='ocrx_word' id='word_1_133' title='bbox 138 1733 288 1786; x_wconf 89' lang='lat' dir='ltr'><strong>terrarum</strong></span> <span class='ocrx_word' id='word_1_134' title='bbox 301 1735 352 1786; x_wconf 92' lang='lat' dir='ltr'><strong>aut</strong></span> <span class='ocrx_word' id='word_1_135' title='bbox 366 1727 480 1805; x_wconf 93' lang='lat' dir='ltr'><strong>asperis</strong></span> <span class='ocrx_word' id='word_1_136' title='bbox 494 1727 584 1785; x_wconf 91' lang='lat' dir='ltr'><strong>maris</strong></span> <span class='ocrx_word' id='word_1_137' title='bbox 598 1723 712 1800; x_wconf 79' lang='lat' dir='ltr'><strong>obviam</strong></span> <span class='ocrx_word' id='word_1_138' title='bbox 727 1726 769 1804; x_wconf 92' lang='lat' dir='ltr'><strong>iit,</strong></span> <span class='ocrx_word' id='word_1_139' title='bbox 785 1732 927 1803; x_wconf 88' lang='lat' dir='ltr'><strong>quantum</strong></span> <span class='ocrx_word' id='word_1_140' title='bbox 942 1726 1095 1802; x_wconf 88' lang='lat' dir='ltr'><strong>impendio</strong></span> <span class='ocrx_word' id='word_1_141' title='bbox 1110 1728 1153 1789; x_wconf 91' lang='lat' dir='ltr'><strong>di-</strong></span> 
     </span>
     <span class='ocr_line' id='line_1_19' title="bbox 138 1813 1153 1892; baseline 0.004 -20"><span class='ocrx_word' id='word_1_142' title='bbox 138 1813 317 1892; x_wconf 87' lang='lat' dir='ltr'><strong>ligentiaque</strong></span> <span class='ocrx_word' id='word_1_143' title='bbox 337 1822 461 1892; x_wconf 89' lang='lat' dir='ltr'><strong>poterat.</strong></span> <span class='ocrx_word' id='word_1_144' title='bbox 494 1821 524 1873; x_wconf 91' lang='lat' dir='ltr'><strong>et</strong></span> <span class='ocrx_word' id='word_1_145' title='bbox 542 1830 580 1872; x_wconf 92' lang='lat' dir='ltr'><strong>nc</strong></span> <span class='ocrx_word' id='word_1_146' title='bbox 598 1815 766 1891; x_wconf 91' lang='lat' dir='ltr'><strong>provinciae</strong></span> <span class='ocrx_word' id='word_1_147' title='bbox 786 1816 869 1873; x_wconf 84' lang='lat' dir='ltr'><strong>novis</strong></span> <span class='ocrx_word' id='word_1_148' title='bbox 888 1814 1029 1874; x_wconf 89' lang='lat' dir='ltr'><strong>oneribus</strong></span> <span class='ocrx_word' id='word_1_149' title='bbox 1048 1815 1153 1876; x_wconf 88' lang='lat' dir='ltr'><strong>turba-</strong></span> 
     </span>
     <span class='ocr_line' id='line_1_20' title="bbox 98 1901 1151 1980; baseline 0.003 -18"><span class='ocrx_word' id='word_1_150' title='bbox 98 1914 124 1954; x_wconf 79' lang='lat'><strong>20</strong></span> <span class='ocrx_word' id='word_1_151' title='bbox 138 1910 243 1962; x_wconf 93' lang='lat' dir='ltr'><strong>rentur</strong></span> <span class='ocrx_word' id='word_1_152' title='bbox 258 1911 350 1980; x_wconf 91' lang='lat' dir='ltr'><strong>utque</strong></span> <span class='ocrx_word' id='word_1_153' title='bbox 365 1909 463 1962; x_wconf 90' lang='lat' dir='ltr'><strong>vetera</strong></span> <span class='ocrx_word' id='word_1_154' title='bbox 473 1904 538 1962; x_wconf 93' lang='lat' dir='ltr'><strong>sine</strong></span> <span class='ocrx_word' id='word_1_155' title='bbox 547 1903 666 1961; x_wconf 84' lang='lat' dir='ltr'><strong>avaritia</strong></span> <span class='ocrx_word' id='word_1_156' title='bbox 676 1909 727 1962; x_wconf 91' lang='lat' dir='ltr'><strong>aut</strong></span> <span class='ocrx_word' id='word_1_157' title='bbox 737 1901 910 1962; x_wconf 90' lang='lat' dir='ltr'><strong>crudelitate</strong></span> <span class='ocrx_word' id='word_1_158' title='bbox 921 1904 1151 1980; x_wconf 89' lang='lat' dir='ltr'><strong>magistratuum</strong></span> 
     </span>
     <span class='ocr_line' id='line_1_21' title="bbox 139 1989 1152 2071; baseline 0.002 -21"><span class='ocrx_word' id='word_1_159' title='bbox 139 1990 313 2071; x_wconf 90' lang='lat' dir='ltr'><strong>tolerarent,</strong></span> <span class='ocrx_word' id='word_1_160' title='bbox 333 1989 518 2069; x_wconf 89' lang='lat' dir='ltr'><strong>providebat:</strong></span> <span class='ocrx_word' id='word_1_161' title='bbox 540 2007 698 2069; x_wconf 90' lang='lat' dir='ltr'><strong>corporum</strong></span> <span class='ocrx_word' id='word_1_162' title='bbox 717 1989 854 2069; x_wconf 90' lang='lat' dir='ltr'><strong>verbera,</strong></span> <span class='ocrx_word' id='word_1_163' title='bbox 876 1990 1081 2069; x_wconf 84' lang='lat' dir='ltr'><strong>ademptiones</strong></span> <span class='ocrx_word' id='word_1_164' title='bbox 1101 1993 1152 2052; x_wconf 91' lang='lat' dir='ltr'><strong>bo·</strong></span> 
     </span>
     <span class='ocr_line' id='line_1_22' title="bbox 138 2076 1152 2158; baseline 0.003 -20"><span class='ocrx_word' id='word_1_165' title='bbox 138 2096 244 2139; x_wconf 90' lang='lat' dir='ltr'><strong>norum</strong></span> <span class='ocrx_word' id='word_1_166' title='bbox 263 2077 394 2139; x_wconf 90' lang='lat' dir='ltr'><strong>aberant.</strong></span> <span class='ocrx_word' id='word_1_167' title='bbox 421 2081 482 2138; x_wconf 93' lang='lat' dir='ltr'><strong>rari</strong></span> <span class='ocrx_word' id='word_1_168' title='bbox 500 2096 554 2157; x_wconf 92' lang='lat' dir='ltr'><strong>per</strong></span> <span class='ocrx_word' id='word_1_169' title='bbox 568 2076 680 2138; x_wconf 88' lang='lat' dir='ltr'><strong>ltaliam</strong></span> <span class='ocrx_word' id='word_1_170' title='bbox 695 2077 827 2138; x_wconf 89' lang='lat' dir='ltr'><strong>Caesaris</strong></span> <span class='ocrx_word' id='word_1_171' title='bbox 842 2081 913 2158; x_wconf 88' lang='lat' dir='ltr'><strong>agri,</strong></span> <span class='ocrx_word' id='word_1_172' title='bbox 933 2079 1068 2139; x_wconf 90' lang='lat' dir='ltr'><strong>modesta</strong></span> <span class='ocrx_word' id='word_1_173' title='bbox 1089 2100 1152 2141; x_wconf 92' lang='lat' dir='ltr'><strong>ser·</strong></span> 
     </span>
     <span class='ocr_line' id='line_1_23' title="bbox 137 2165 1151 2249; baseline 0.005 -23"><span class='ocrx_word' id='word_1_174' title='bbox 137 2169 221 2249; x_wconf 90' lang='lat' dir='ltr'><strong>vitia,</strong></span> <span class='ocrx_word' id='word_1_175' title='bbox 235 2170 313 2228; x_wconf 93' lang='lat' dir='ltr'><strong>intra</strong></span> <span class='ocrx_word' id='word_1_176' title='bbox 327 2185 438 2246; x_wconf 86' lang='lat' dir='ltr'><strong>paucos</strong></span> <span class='ocrx_word' id='word_1_177' title='bbox 452 2165 576 2227; x_wconf 90' lang='lat' dir='ltr'><strong>libertos</strong></span> <span class='ocrx_word' id='word_1_178' title='bbox 591 2166 709 2247; x_wconf 81' lang='lat' dir='ltr'><strong>domns3</strong></span> <span class='ocrx_word' id='word_1_179' title='bbox 723 2184 756 2226; x_wconf 93' lang='lat' dir='ltr'><strong>ac</strong></span> <span class='ocrx_word' id='word_1_180' title='bbox 771 2169 797 2226; x_wconf 93' lang='lat' dir='ltr'><strong>si</strong></span> <span class='ocrx_word' id='word_1_181' title='bbox 811 2167 928 2245; x_wconf 91' lang='lat' dir='ltr'><strong>quando</strong></span> <span class='ocrx_word' id='word_1_182' title='bbox 942 2184 1010 2228; x_wconf 92' lang='lat' dir='ltr'><strong>cum</strong></span> <span class='ocrx_word' id='word_1_183' title='bbox 1024 2171 1151 2246; x_wconf 91' lang='lat' dir='ltr'><strong>privatis</strong></span> 
     </span>
     <span class='ocr_line' id='line_1_24' title="bbox 138 2257 557 2336; baseline 0 -20"><span class='ocrx_word' id='word_1_184' title='bbox 138 2257 331 2336; x_wconf 86' lang='lat' dir='ltr'><strong>disceptaret,</strong></span> <span class='ocrx_word' id='word_1_185' title='bbox 345 2257 443 2317; x_wconf 87' lang='lat' dir='ltr'><strong>forum</strong></span> <span class='ocrx_word' id='word_1_186' title='bbox 458 2263 488 2316; x_wconf 91' lang='lat' dir='ltr'><strong>et</strong></span> <span class='ocrx_word' id='word_1_187' title='bbox 502 2257 557 2316; x_wconf 89' lang='lat' dir='ltr'><strong>ius.</strong></span> 
     </span>
     <span class='ocr_line' id='line_1_25' title="bbox 118 2343 1151 2429; baseline 0.004 -24.794"><span class='ocrx_word' id='word_1_188' title='bbox 118 2417 124 2429; x_wconf 21' lang='grc' dir='ltr'>ι</span> <span class='ocrx_word' id='word_1_189' title='bbox 206 2343 233 2405; x_wconf 81' lang='lat' dir='ltr'><strong>t.</strong></span> <span class='ocrx_word' id='word_1_190' title='bbox 257 2343 338 2414; x_wconf 86' lang='lat' dir='ltr'><strong>Quae</strong></span> <span class='ocrx_word' id='word_1_191' title='bbox 362 2353 469 2405; x_wconf 89' lang='lat' dir='ltr'><strong>cuncta</strong></span> <span class='ocrx_word' id='word_1_192' title='bbox 487 2362 546 2404; x_wconf 92' lang='lat' dir='ltr'><strong>non</strong></span> <span class='ocrx_word' id='word_1_193' title='bbox 566 2343 685 2422; x_wconf 90' lang='lat' dir='ltr'><strong>quidem</strong></span> <span class='ocrx_word' id='word_1_194' title='bbox 705 2347 782 2405; x_wconf 91' lang='lat' dir='ltr'><strong>comi</strong></span> <span class='ocrx_word' id='word_1_195' title='bbox 801 2346 859 2423; x_wconf 92' lang='lat' dir='ltr'><strong>via,</strong></span> <span class='ocrx_word' id='word_1_196' title='bbox 883 2344 935 2405; x_wconf 86' lang='lat' dir='ltr'><strong>sed</strong></span> <span class='ocrx_word' id='word_1_197' title='bbox 954 2344 1096 2406; x_wconf 89' lang='lat' dir='ltr'><strong>horridus</strong></span> <span class='ocrx_word' id='word_1_198' title='bbox 1116 2365 1151 2408; x_wconf 93' lang='lat' dir='ltr'><strong>ac</strong></span> 
     </span>
     <span class='ocr_line' id='line_1_26' title="bbox 78 2416 1150 2514; baseline 0.003 -21"><span class='ocrx_word' id='word_1_199' title='bbox 78 2416 84 2436; x_wconf 66' lang='lat'>¹</span> <span class='ocrx_word' id='word_1_200' title='bbox 137 2432 312 2512; x_wconf 89' lang='lat' dir='ltr'><strong>plerumque</strong></span> <span class='ocrx_word' id='word_1_201' title='bbox 331 2433 519 2511; x_wconf 78' lang='lat' dir='ltr'><strong>formidatus,</strong></span> <span class='ocrx_word' id='word_1_202' title='bbox 539 2431 686 2493; x_wconf 89' lang='lat' dir='ltr'><strong>retinebat</strong></span> <span class='ocrx_word' id='word_1_203' title='bbox 704 2440 817 2514; x_wconf 90' lang='lat' dir='ltr'><strong>tamen,</strong></span> <span class='ocrx_word' id='word_1_204' title='bbox 835 2432 929 2494; x_wconf 90' lang='lat' dir='ltr'><strong>donec</strong></span> <span class='ocrx_word' id='word_1_205' title='bbox 948 2440 1048 2493; x_wconf 91' lang='lat' dir='ltr'><strong>morte·</strong></span> <span class='ocrx_word' id='word_1_206' title='bbox 1059 2433 1150 2496; x_wconf 88' lang='lat' dir='ltr'><strong>Drusi</strong></span> 
     </span>
     <span class='ocr_line' id='line_1_27' title="bbox 137 2521 1150 2602; baseline 0.002 -20"><span class='ocrx_word' id='word_1_207' title='bbox 137 2530 338 2583; x_wconf 87' lang='lat' dir='ltr'><strong>verterentur:</strong></span> <span class='ocrx_word' id='word_1_208' title='bbox 358 2539 425 2581; x_wconf 91' lang='lat' dir='ltr'><strong>nam</strong></span> <span class='ocrx_word' id='word_1_209' title='bbox 440 2521 515 2594; x_wconf 16' lang='lat' dir='ltr'><strong>,dum</strong></span> <span class='ocrx_word' id='word_1_210' title='bbox 534 2522 689 2602; x_wconf 89' lang='lat' dir='ltr'><strong>superluit,</strong></span> <span class='ocrx_word' id='word_1_211' title='bbox 708 2538 853 2601; x_wconf 89' lang='lat' dir='ltr'><strong>mansere,</strong></span> <span class='ocrx_word' id='word_1_212' title='bbox 872 2523 940 2600; x_wconf 89' lang='lat' dir='ltr'><strong>quia</strong></span> <span class='ocrx_word' id='word_1_213' title='bbox 960 2521 1086 2583; x_wconf 91' lang='lat' dir='ltr'><strong>Seianus</strong></span> <span class='ocrx_word' id='word_1_214' title='bbox 1105 2526 1150 2584; x_wconf 92' lang='lat' dir='ltr'><strong>in-</strong></span> 
     </span>
     <span class='ocr_line' id='line_1_28' title="bbox 137 2608 1151 2690; baseline 0.003 -21"><span class='ocrx_word' id='word_1_215' title='bbox 137 2613 265 2687; x_wconf 91' lang='lat' dir='ltr'><strong>cipiente</strong></span> <span class='ocrx_word' id='word_1_216' title='bbox 285 2609 380 2670; x_wconf 89' lang='lat' dir='ltr'><strong>adhuc</strong></span> <span class='ocrx_word' id='word_1_217' title='bbox 399 2612 530 2688; x_wconf 90' lang='lat' dir='ltr'><strong>potentia</strong></span> <span class='ocrx_word' id='word_1_218' title='bbox 549 2608 635 2670; x_wconf 92' lang='lat' dir='ltr'><strong>bonis</strong></span> <span class='ocrx_word' id='word_1_219' title='bbox 654 2608 785 2670; x_wconf 92' lang='lat' dir='ltr'><strong>consiliis</strong></span> <span class='ocrx_word' id='word_1_220' title='bbox 799 2618 955 2670; x_wconf 89' lang='lat' dir='ltr'><strong>notescere</strong></span> <span class='ocrx_word' id='word_1_221' title='bbox 969 2608 1099 2690; x_wconf 89' lang='lat' dir='ltr'><strong>volebat,</strong></span> <span class='ocrx_word' id='word_1_222' title='bbox 1119 2622 1151 2672; x_wconf 86' lang='lat' dir='ltr'><strong>et</strong></span> 
     </span>
     <span class='ocr_line' id='line_1_29' title="bbox 109 2697 1149 2779; baseline 0.005 -23"><span class='ocrx_word' id='word_1_223' title='bbox 109 2709 122 2748; x_wconf 74' lang='lat'><strong>⁶</strong></span> <span class='ocrx_word' id='word_1_224' title='bbox 138 2697 216 2757; x_wconf 90' lang='lat' dir='ltr'><strong>ultor</strong></span> <span class='ocrx_word' id='word_1_225' title='bbox 236 2697 424 2760; x_wconf 89' lang='lat' dir='ltr'><strong>metuebatur</strong></span> <span class='ocrx_word' id='word_1_226' title='bbox 441 2717 501 2759; x_wconf 90' lang='lat' dir='ltr'><strong>non</strong></span> <span class='ocrx_word' id='word_1_227' title='bbox 520 2698 655 2760; x_wconf 91' lang='lat' dir='ltr'><strong>occultus</strong></span> <span class='ocrx_word' id='word_1_228' title='bbox 674 2698 746 2779; x_wconf 92' lang='lat' dir='ltr'><strong>odii,</strong></span> <span class='ocrx_word' id='word_1_229' title='bbox 765 2706 811 2758; x_wconf 89' lang='lat' dir='ltr'><strong>set</strong></span> <span class='ocrx_word' id='word_1_230' title='bbox 829 2698 934 2759; x_wconf 91' lang='lat' dir='ltr'><strong>crebro</strong></span> <span class='ocrx_word' id='word_1_231' title='bbox 955 2717 1085 2777; x_wconf 89' lang='lat' dir='ltr'><strong>querens</strong></span> <span class='ocrx_word' id='word_1_232' title='bbox 1105 2703 1149 2761; x_wconf 92' lang='lat' dir='ltr'><strong>in·</strong></span> 
     </span>
     <span class='ocr_line' id='line_1_30' title="bbox 136 2784 1148 2866; baseline 0.005 -23"><span class='ocrx_word' id='word_1_233' title='bbox 136 2784 246 2844; x_wconf 88' lang='lat' dir='ltr'><strong>columi</strong></span> <span class='ocrx_word' id='word_1_234' title='bbox 264 2784 323 2846; x_wconf 88' lang='lat' dir='ltr'><strong>lilio</strong></span> <span class='ocrx_word' id='word_1_235' title='bbox 342 2786 508 2848; x_wconf 90' lang='lat' dir='ltr'><strong>adiutorem</strong></span> <span class='ocrx_word' id='word_1_236' title='bbox 526 2789 643 2866; x_wconf 90' lang='lat' dir='ltr'><strong>imperii</strong></span> <span class='ocrx_word' id='word_1_237' title='bbox 657 2786 746 2847; x_wconf 91' lang='lat' dir='ltr'><strong>alium</strong></span> <span class='ocrx_word' id='word_1_238' title='bbox 761 2789 867 2847; x_wconf 89' lang='lat' dir='ltr'><strong>vocari.</strong></span> <span class='ocrx_word' id='word_1_239' title='bbox 895 2794 926 2847; x_wconf 85' lang='lat' dir='ltr'><strong>et</strong></span> <span class='ocrx_word' id='word_1_240' title='bbox 940 2794 1084 2865; x_wconf 90' lang='lat' dir='ltr'><strong>quantum</strong></span> <span class='ocrx_word' id='word_1_241' title='bbox 1099 2807 1148 2848; x_wconf 89' lang='lat' dir='ltr'><strong>su·</strong></span> 
     </span>
     <span class='ocr_line' id='line_1_31' title="bbox 136 2872 1148 2955; baseline 0.005 -23"><span class='ocrx_word' id='word_1_242' title='bbox 136 2890 266 2953; x_wconf 90' lang='lat' dir='ltr'><strong>peresse,</strong></span> <span class='ocrx_word' id='word_1_243' title='bbox 280 2881 313 2932; x_wconf 89' lang='lat' dir='ltr'><strong>ut</strong></span> <span class='ocrx_word' id='word_1_244' title='bbox 328 2874 439 2953; x_wconf 88' lang='lat' dir='ltr'><strong>collega</strong></span> <span class='ocrx_word' id='word_1_245' title='bbox 453 2872 590 2937; x_wconf 81' lang='lat' dir='ltr'><strong>dicatur?</strong></span> <span class='ocrx_word' id='word_1_246' title='bbox 603 2878 714 2955; x_wconf 91' lang='lat' dir='ltr'><strong>primas</strong></span> <span class='ocrx_word' id='word_1_247' title='bbox 728 2874 898 2936; x_wconf 90' lang='lat' dir='ltr'><strong>dominandi</strong></span> <span class='ocrx_word' id='word_1_248' title='bbox 912 2893 980 2954; x_wconf 91' lang='lat' dir='ltr'><strong>spes</strong></span> <span class='ocrx_word' id='word_1_249' title='bbox 994 2878 1025 2936; x_wconf 88' lang='lat' dir='ltr'><strong>in</strong></span> <span class='ocrx_word' id='word_1_250' title='bbox 1040 2875 1148 2937; x_wconf 91' lang='lat' dir='ltr'><strong>arduo:</strong></span> 
     </span>
     <span class='ocr_line' id='line_1_32' title="bbox 136 2960 1148 3043; baseline 0.003 -20"><span class='ocrx_word' id='word_1_251' title='bbox 136 2960 187 3023; x_wconf 93' lang='lat' dir='ltr'><strong>ubi</strong></span> <span class='ocrx_word' id='word_1_252' title='bbox 207 2963 247 3021; x_wconf 87' lang='lat' dir='ltr'><strong>sis</strong></span> <span class='ocrx_word' id='word_1_253' title='bbox 266 2963 432 3043; x_wconf 90' lang='lat' dir='ltr'><strong>ingressus,</strong></span> <span class='ocrx_word' id='word_1_254' title='bbox 450 2964 553 3025; x_wconf 91' lang='lat' dir='ltr'><strong>adesse</strong></span> <span class='ocrx_word' id='word_1_255' title='bbox 572 2963 669 3024; x_wconf 87' lang='lat' dir='ltr'><strong>studia</strong></span> <span class='ocrx_word' id='word_1_256' title='bbox 688 2973 718 3024; x_wconf 90' lang='lat' dir='ltr'><strong>et</strong></span> <span class='ocrx_word' id='word_1_257' title='bbox 735 2966 895 3025; x_wconf 89' lang='lat' dir='ltr'><strong>ministros.</strong></span> <span class='ocrx_word' id='word_1_258' title='bbox 924 2971 1074 3025; x_wconf 86' lang='lat' dir='ltr'><strong>exstructa</strong></span> <span class='ocrx_word' id='word_1_259' title='bbox 1088 2967 1148 3026; x_wconf 91' lang='lat' dir='ltr'><strong>iam</strong></span> 
     </span>
     <span class='ocr_line' id='line_1_33' title="bbox 137 3049 1148 3133; baseline 0.001 -21"><span class='ocrx_word' id='word_1_260' title='bbox 137 3058 241 3129; x_wconf 89' lang='lat' dir='ltr'><strong>sponte</strong></span> <span class='ocrx_word' id='word_1_261' title='bbox 263 3049 406 3128; x_wconf 88' lang='lat' dir='ltr'><strong>praelecti</strong></span> <span class='ocrx_word' id='word_1_262' title='bbox 425 3060 534 3131; x_wconf 90' lang='lat' dir='ltr'><strong>castra,</strong></span> <span class='ocrx_word' id='word_1_263' title='bbox 552 3051 636 3112; x_wconf 90' lang='lat' dir='ltr'><strong>datos</strong></span> <span class='ocrx_word' id='word_1_264' title='bbox 654 3055 684 3113; x_wconf 92' lang='lat' dir='ltr'><strong>in</strong></span> <span class='ocrx_word' id='word_1_265' title='bbox 703 3069 823 3113; x_wconf 90' lang='lat' dir='ltr'><strong>manum</strong></span> <span class='ocrx_word' id='word_1_266' title='bbox 842 3051 965 3133; x_wconf 74' lang='lat' dir='ltr'><strong>milites,</strong></span> <span class='ocrx_word' id='word_1_267' title='bbox 983 3056 1066 3112; x_wconf 90' lang='lat' dir='ltr'><strong>cerni</strong></span> <span class='ocrx_word' id='word_1_268' title='bbox 1084 3054 1148 3113; x_wconf 85' lang='lat' dir='ltr'><strong>effi·</strong></span> 
     </span>
     <span class='ocr_line' id='line_1_34' title="bbox 97 3139 1148 3220; baseline 0.001 -19"><span class='ocrx_word' id='word_1_269' title='bbox 97 3153 122 3193; x_wconf 89' lang='lat'><strong>10</strong></span> <span class='ocrx_word' id='word_1_270' title='bbox 137 3142 214 3219; x_wconf 90' lang='lat' dir='ltr'><strong>giem</strong></span> <span class='ocrx_word' id='word_1_271' title='bbox 238 3141 303 3200; x_wconf 89' lang='lat' dir='ltr'><strong>eius</strong></span> <span class='ocrx_word' id='word_1_272' title='bbox 327 3139 357 3198; x_wconf 94' lang='lat' dir='ltr'><strong>in</strong></span> <span class='ocrx_word' id='word_1_273' title='bbox 380 3141 569 3199; x_wconf 89' lang='lat' dir='ltr'><strong>monimentis</strong></span> <span class='ocrx_word' id='word_1_274' title='bbox 594 3139 645 3200; x_wconf 89' lang='lat' dir='ltr'><strong>Cn.</strong></span> <span class='ocrx_word' id='word_1_275' title='bbox 664 3139 798 3220; x_wconf 82' lang='lat' dir='ltr'><strong>Pompei3</strong></span> <span class='ocrx_word' id='word_1_276' title='bbox 821 3158 993 3212; x_wconf 87' lang='lat' dir='ltr'><strong>communes</strong></span> <span class='ocrx_word' id='word_1_277' title='bbox 1017 3140 1059 3201; x_wconf 95' lang='lat' dir='ltr'><strong>illi</strong></span> <span class='ocrx_word' id='word_1_278' title='bbox 1078 3160 1148 3203; x_wconf 91' lang='lat' dir='ltr'><strong>cum</strong></span> 
     </span>
     <span class='ocr_line' id='line_1_35' title="bbox 138 3227 1148 3307; baseline 0.001 -18"><span class='ocrx_word' id='word_1_279' title='bbox 138 3228 245 3289; x_wconf 80' lang='lat' dir='ltr'><strong>familia</strong></span> <span class='ocrx_word' id='word_1_280' title='bbox 265 3227 427 3288; x_wconf 85' lang='lat' dir='ltr'><strong>Drusorum</strong></span> <span class='ocrx_word' id='word_1_281' title='bbox 452 3227 514 3286; x_wconf 87' lang='lat' dir='ltr'><strong>lore</strong></span> <span class='ocrx_word' id='word_1_282' title='bbox 538 3236 674 3307; x_wconf 88' lang='lat' dir='ltr'><strong>nepotes:</strong></span> <span class='ocrx_word' id='word_1_283' title='bbox 698 3228 874 3306; x_wconf 60' lang='lat' dir='ltr'><strong>precandarr</strong></span> <span class='ocrx_word' id='word_1_284' title='bbox 907 3238 966 3289; x_wconf 84' lang='lat' dir='ltr'><strong>rost</strong></span> <span class='ocrx_word' id='word_1_285' title='bbox 989 3228 1062 3289; x_wconf 90' lang='lat' dir='ltr'><strong>haec</strong></span> <span class='ocrx_word' id='word_1_286' title='bbox 1085 3248 1148 3290; x_wconf 92' lang='lat' dir='ltr'><strong>mo·</strong></span> 
     </span>
     <span class='ocr_line' id='line_1_36' title="bbox 136 3317 1148 3398; baseline 0 -20"><span class='ocrx_word' id='word_1_287' title='bbox 136 3317 272 3398; x_wconf 89' lang='lat' dir='ltr'><strong>destiam,</strong></span> <span class='ocrx_word' id='word_1_288' title='bbox 291 3325 325 3378; x_wconf 90' lang='lat' dir='ltr'><strong>ut</strong></span> <span class='ocrx_word' id='word_1_289' title='bbox 343 3324 509 3376; x_wconf 83' lang='lat' dir='ltr'><strong>contentus</strong></span> <span class='ocrx_word' id='word_1_290' title='bbox 520 3325 605 3376; x_wconf 80' lang='lat' dir='ltr'><strong>esset.</strong></span> <span class='ocrx_word' id='word_1_291' title='bbox 636 3334 727 3370; x_wconf 56' lang='lat' dir='ltr'><strong>nome</strong></span> <span class='ocrx_word' id='word_1_292' title='bbox 777 3353 782 3358; x_wconf 97' lang='lat'>.</span> <span class='ocrx_word' id='word_1_293' title='bbox 865 3333 926 3394; x_wconf 69' lang='lat' dir='ltr'><strong>qur</strong></span> <span class='ocrx_word' id='word_1_294' title='bbox 946 3317 1022 3382; x_wconf 76' lang='lat' dir='ltr'><strong>arud</strong></span> <span class='ocrx_word' id='word_1_295' title='bbox 1037 3336 1148 3395; x_wconf 89' lang='lat' dir='ltr'><strong>paucos</strong></span> 
     </span>
    </p>
   </div>
   <div class='ocr_carea' id='block_1_3' title="bbox 206 3503 1149 3573">
    <p class='ocr_par' dir='ltr' id='par_1_3' title="bbox 206 3503 1149 3573">
     <span class='ocr_line' id='line_1_37' title="bbox 206 3503 1149 3573; baseline 0 -13"><span class='ocrx_word' id='word_1_296' title='bbox 206 3506 232 3573; x_wconf 84' lang='grc'><strong>6,</strong></span> <span class='ocrx_word' id='word_1_297' title='bbox 244 3513 282 3572; x_wconf 61' lang='lat'><strong>26</strong></span> <span class='ocrx_word' id='word_1_298' title='bbox 303 3506 360 3560; x_wconf 85' lang='lat' dir='ltr'><strong>acri</strong></span> <span class='ocrx_word' id='word_1_299' title='bbox 378 3505 529 3562; x_wconf 63' lang='lat' dir='ltr'><strong>Rteooooe</strong></span> <span class='ocrx_word' id='word_1_300' title='bbox 757 3525 762 3542; x_wconf 79' lang='lat'><strong><em>¹</em></strong></span> <span class='ocrx_word' id='word_1_301' title='bbox 872 3521 907 3542; x_wconf 65' lang='lat' dir='ltr'><strong>”w</strong></span> <span class='ocrx_word' id='word_1_302' title='bbox 970 3521 1010 3558; x_wconf 64' lang='lat' dir='ltr'><strong>os:</strong></span> <span class='ocrx_word' id='word_1_303' title='bbox 1031 3503 1103 3558; x_wconf 84' lang='lat' dir='ltr'><strong>odiis</strong></span> <span class='ocrx_word' id='word_1_304' title='bbox 1119 3509 1149 3560; x_wconf 82' lang='lat' dir='ltr'><strong>et</strong></span> 
     </span>
    </p>
   </div>
   <div class='ocr_carea' id='block_1_4' title="bbox 0 0 1200 3876">
    <p class='ocr_par' dir='ltr' id='par_1_4' title="bbox 0 0 1200 3876">
     <span class='ocr_line' id='line_1_38' title="bbox 0 0 1200 3876; baseline 0 2"><span class='ocrx_word' id='word_1_305' title='bbox 0 0 1200 3876; x_wconf 95' lang='lat' dir='ltr'><strong> </strong></span> 
     </span>
    </p>
   </div>
  </div>
 </body>
</html>
