<?xml version="1.0" encoding="UTF-8"?>
<!DOCTYPE html PUBLIC "-//W3C//DTD XHTML 1.0 Transitional//EN"
    "http://www.w3.org/TR/xhtml1/DTD/xhtml1-transitional.dtd">
<html xmlns="http://www.w3.org/1999/xhtml" xml:lang="en" lang="en">
 <head>
  <title>
</title>
<meta http-equiv="Content-Type" content="text/html;charset=utf-8" />
  <meta name='ocr-system' content='tesseract 3.04.00' />
  <meta name='ocr-capabilities' content='ocr_page ocr_carea ocr_par ocr_line ocrx_word'/>
</head>
<body>
  <div class='ocr_page' id='page_1' title='image "./libriquisupersu00halmgoog_0350.png"; bbox 0 0 2392 3876; ppageno 0'>
   <div class='ocr_carea' id='block_1_1' title="bbox 248 201 1065 266">
    <p class='ocr_par' dir='ltr' id='par_1_1' title="bbox 248 201 1065 266">
     <span class='ocr_line' id='line_1_1' title="bbox 248 201 1065 266; baseline 0.012 -9"><span class='ocrx_word' id='word_1_1' title='bbox 248 204 295 257; x_wconf 79' lang='grc' dir='ltr'><strong>ΑΒ</strong></span> <span class='ocrx_word' id='word_1_2' title='bbox 313 202 473 260; x_wconf 71' lang='lat' dir='ltr'><strong>excussu</strong></span> <span class='ocrx_word' id='word_1_3' title='bbox 491 201 647 258; x_wconf 74' lang='lat' dir='ltr'>AUGUSTI</span> <span class='ocrx_word' id='word_1_4' title='bbox 664 201 723 258; x_wconf 80' lang='lat' dir='ltr'><strong>xv.</strong></span> <span class='ocrx_word' id='word_1_5' title='bbox 742 208 857 258; x_wconf 79' lang='lat'>42-45.</span> <span class='ocrx_word' id='word_1_6' title='bbox 1001 201 1065 266; x_wconf 81' lang='lat'><strong>339</strong></span> 
     </span>
    </p>
   </div>
   <div class='ocr_carea' id='block_1_2' title="bbox 57 350 1114 2900">
    <p class='ocr_par' dir='ltr' id='par_1_2' title="bbox 57 350 1114 2443">
     <span class='ocr_line' id='line_1_2' title="bbox 57 350 1066 434; baseline -0.004 -19"><span class='ocrx_word' id='word_1_7' title='bbox 57 355 130 415; x_wconf 93' lang='lat' dir='ltr'><strong>luno</strong></span> <span class='ocrx_word' id='word_1_8' title='bbox 149 372 203 433; x_wconf 89' lang='lat' dir='ltr'><strong>per</strong></span> <span class='ocrx_word' id='word_1_9' title='bbox 221 362 382 434; x_wconf 86' lang='lat' dir='ltr'><strong>matronas,</strong></span> <span class='ocrx_word' id='word_1_10' title='bbox 405 355 535 433; x_wconf 91' lang='lat' dir='ltr'><strong>primum</strong></span> <span class='ocrx_word' id='word_1_11' title='bbox 552 354 584 413; x_wconf 92' lang='lat' dir='ltr'><strong>in</strong></span> <span class='ocrx_word' id='word_1_12' title='bbox 603 351 759 433; x_wconf 81' lang='lat' dir='ltr'><strong>Capitolio,</strong></span> <span class='ocrx_word' id='word_1_13' title='bbox 778 350 884 413; x_wconf 90' lang='lat' dir='ltr'><strong>deinde</strong></span> <span class='ocrx_word' id='word_1_14' title='bbox 902 350 980 431; x_wconf 92' lang='lat' dir='ltr'><strong>apud</strong></span> <span class='ocrx_word' id='word_1_15' title='bbox 998 368 1066 428; x_wconf 88' lang='lat' dir='ltr'><strong>pro·</strong></span> 
     </span>
     <span class='ocr_line' id='line_1_3' title="bbox 57 438 1092 523; baseline -0.009 -19"><span class='ocrx_word' id='word_1_16' title='bbox 57 446 170 504; x_wconf 84' lang='lat' dir='ltr'><strong>ximum</strong></span> <span class='ocrx_word' id='word_1_17' title='bbox 184 460 272 523; x_wconf 87' lang='lat' dir='ltr'><strong>mare,</strong></span> <span class='ocrx_word' id='word_1_18' title='bbox 287 441 365 503; x_wconf 88' lang='lat' dir='ltr'><strong>unde</strong></span> <span class='ocrx_word' id='word_1_19' title='bbox 379 441 484 502; x_wconf 92' lang='lat' dir='ltr'><strong>hausta</strong></span> <span class='ocrx_word' id='word_1_20' title='bbox 498 459 572 520; x_wconf 90' lang='lat' dir='ltr'><strong>aqua</strong></span> <span class='ocrx_word' id='word_1_21' title='bbox 587 440 729 521; x_wconf 87' lang='lat' dir='ltr'><strong>templum</strong></span> <span class='ocrx_word' id='word_1_22' title='bbox 744 447 774 501; x_wconf 90' lang='lat' dir='ltr'><strong>et</strong></span> <span class='ocrx_word' id='word_1_23' title='bbox 787 438 979 501; x_wconf 84' lang='lat' dir='ltr'><strong>simulacrum</strong></span> <span class='ocrx_word' id='word_1_24' title='bbox 992 439 1063 499; x_wconf 89' lang='lat' dir='ltr'><strong>deae</strong></span> <span class='ocrx_word' id='word_1_25' title='bbox 1079 452 1092 493; x_wconf 80' lang='lat' dir='ltr'><strong>o</strong></span> 
     </span>
     <span class='ocr_line' id='line_1_4' title="bbox 58 526 1064 613; baseline -0.004 -21"><span class='ocrx_word' id='word_1_26' title='bbox 58 549 250 613; x_wconf 80' lang='lat' dir='ltr'><strong>perspersum</strong></span> <span class='ocrx_word' id='word_1_27' title='bbox 268 537 327 612; x_wconf 88' lang='lat' dir='ltr'><strong>est;</strong></span> <span class='ocrx_word' id='word_1_28' title='bbox 345 538 376 591; x_wconf 88' lang='lat' dir='ltr'><strong>et</strong></span> <span class='ocrx_word' id='word_1_29' title='bbox 394 529 569 591; x_wconf 80' lang='lat' dir='ltr'><strong>sellisternia</strong></span> <span class='ocrx_word' id='word_1_30' title='bbox 589 548 623 590; x_wconf 92' lang='lat' dir='ltr'><strong>ac</strong></span> <span class='ocrx_word' id='word_1_31' title='bbox 644 528 796 608; x_wconf 83' lang='lat' dir='ltr'><strong>pervigilia</strong></span> <span class='ocrx_word' id='word_1_32' title='bbox 817 526 1003 589; x_wconf 83' lang='lat' dir='ltr'><strong>celebravere</strong></span> <span class='ocrx_word' id='word_1_33' title='bbox 1024 527 1064 588; x_wconf 89' lang='lat' dir='ltr'><strong>le-</strong></span> 
     </span>
     <span class='ocr_line' id='line_1_5' title="bbox 58 615 1066 700; baseline -0.006 -19"><span class='ocrx_word' id='word_1_34' title='bbox 58 623 168 700; x_wconf 88' lang='lat' dir='ltr'><strong>minae‚</strong></span> <span class='ocrx_word' id='word_1_35' title='bbox 183 618 291 698; x_wconf 89' lang='lat' dir='ltr'><strong>quibus</strong></span> <span class='ocrx_word' id='word_1_36' title='bbox 304 620 403 679; x_wconf 89' lang='lat' dir='ltr'><strong>mariti</strong></span> <span class='ocrx_word' id='word_1_37' title='bbox 416 625 509 679; x_wconf 89' lang='lat' dir='ltr'><strong>erant.</strong></span> <span class='ocrx_word' id='word_1_38' title='bbox 537 616 590 678; x_wconf 90' lang='lat' dir='ltr'><strong>sed</strong></span> <span class='ocrx_word' id='word_1_39' title='bbox 603 635 664 677; x_wconf 93' lang='lat' dir='ltr'><strong>non</strong></span> <span class='ocrx_word' id='word_1_40' title='bbox 677 636 733 696; x_wconf 89' lang='lat' dir='ltr'><strong>ope</strong></span> <span class='ocrx_word' id='word_1_41' title='bbox 747 617 887 696; x_wconf 87' lang='lat' dir='ltr'><strong>humana,</strong></span> <span class='ocrx_word' id='word_1_42' title='bbox 906 634 966 677; x_wconf 91' lang='lat' dir='ltr'><strong>non</strong></span> <span class='ocrx_word' id='word_1_43' title='bbox 981 615 1066 693; x_wconf 84' lang='lat' dir='ltr'><strong>largi·</strong></span> 
     </span>
     <span class='ocr_line' id='line_1_6' title="bbox 58 704 1067 787; baseline -0.008 -17"><span class='ocrx_word' id='word_1_44' title='bbox 58 707 189 770; x_wconf 85' lang='lat' dir='ltr'><strong>tionibus</strong></span> <span class='ocrx_word' id='word_1_45' title='bbox 207 708 351 787; x_wconf 89' lang='lat' dir='ltr'><strong>principis</strong></span> <span class='ocrx_word' id='word_1_46' title='bbox 374 715 425 767; x_wconf 91' lang='lat' dir='ltr'><strong>aut</strong></span> <span class='ocrx_word' id='word_1_47' title='bbox 442 705 532 767; x_wconf 89' lang='lat' dir='ltr'><strong>deum</strong></span> <span class='ocrx_word' id='word_1_48' title='bbox 549 705 740 783; x_wconf 82' lang='lat' dir='ltr'><strong>placamentis</strong></span> <span class='ocrx_word' id='word_1_49' title='bbox 759 704 920 766; x_wconf 88' lang='lat' dir='ltr'><strong>decedebat</strong></span> <span class='ocrx_word' id='word_1_50' title='bbox 939 704 1067 784; x_wconf 78' lang='lat' dir='ltr'><strong>infamia,</strong></span> 
     </span>
     <span class='ocr_line' id='line_1_7' title="bbox 60 792 1068 876; baseline -0.007 -18"><span class='ocrx_word' id='word_1_51' title='bbox 60 799 131 876; x_wconf 87' lang='lat' dir='ltr'><strong>quio</strong></span> <span class='ocrx_word' id='word_1_52' title='bbox 154 798 270 857; x_wconf 90' lang='lat' dir='ltr'><strong>iussum</strong></span> <span class='ocrx_word' id='word_1_53' title='bbox 288 793 661 867; x_wconf 66' lang='lat' dir='ltr'><strong>incendiumcrederetur.</strong></span> <span class='ocrx_word' id='word_1_54' title='bbox 698 812 769 874; x_wconf 85' lang='lat' dir='ltr'><strong>ergo</strong></span> <span class='ocrx_word' id='word_1_55' title='bbox 792 792 935 855; x_wconf 91' lang='lat' dir='ltr'><strong>abolendo</strong></span> <span class='ocrx_word' id='word_1_56' title='bbox 954 794 1068 853; x_wconf 90' lang='lat' dir='ltr'><strong>rumori</strong></span> 
     </span>
     <span class='ocr_line' id='line_1_8' title="bbox 59 882 1109 963; baseline -0.01 -16"><span class='ocrx_word' id='word_1_57' title='bbox 59 885 137 947; x_wconf 89' lang='lat' dir='ltr'><strong>Nero</strong></span> <span class='ocrx_word' id='word_1_58' title='bbox 156 883 289 945; x_wconf 87' lang='lat' dir='ltr'><strong>subdidit</strong></span> <span class='ocrx_word' id='word_1_59' title='bbox 302 900 370 943; x_wconf 89' lang='lat' dir='ltr'><strong>reos</strong></span> <span class='ocrx_word' id='word_1_60' title='bbox 384 888 415 942; x_wconf 91' lang='lat' dir='ltr'><strong>et</strong></span> <span class='ocrx_word' id='word_1_61' title='bbox 428 883 654 960; x_wconf 90' lang='lat' dir='ltr'><strong>quaesitissimis</strong></span> <span class='ocrx_word' id='word_1_62' title='bbox 667 885 771 963; x_wconf 92' lang='lat' dir='ltr'><strong>poenis</strong></span> <span class='ocrx_word' id='word_1_63' title='bbox 785 882 906 963; x_wconf 82' lang='lat' dir='ltr'><strong>adfecit,</strong></span> <span class='ocrx_word' id='word_1_64' title='bbox 925 898 1000 961; x_wconf 88' lang='lat' dir='ltr'><strong>quos</strong></span> <span class='ocrx_word' id='word_1_65' title='bbox 1013 897 1068 959; x_wconf 88' lang='lat' dir='ltr'><strong>per</strong></span> <span class='ocrx_word' id='word_1_66' title='bbox 1081 896 1109 937; x_wconf 87' lang='lat'><strong>10</strong></span> 
     </span>
     <span class='ocr_line' id='line_1_9' title="bbox 60 969 1068 1051; baseline -0.005 -18"><span class='ocrx_word' id='word_1_67' title='bbox 60 974 169 1051; x_wconf 83' lang='lat' dir='ltr'><strong>flagitia</strong></span> <span class='ocrx_word' id='word_1_68' title='bbox 191 973 302 1032; x_wconf 91' lang='lat' dir='ltr'><strong>invisos</strong></span> <span class='ocrx_word' id='word_1_69' title='bbox 322 969 427 1047; x_wconf 85' lang='lat' dir='ltr'><strong>vulgus</strong></span> <span class='ocrx_word' id='word_1_70' title='bbox 446 969 629 1032; x_wconf 83' lang='lat' dir='ltr'><strong>Christianos</strong></span> <span class='ocrx_word' id='word_1_71' title='bbox 648 971 821 1051; x_wconf 89' lang='lat' dir='ltr'><strong>appellabat.</strong></span> <span class='ocrx_word' id='word_1_72' title='bbox 854 979 957 1032; x_wconf 90' lang='lat' dir='ltr'><strong>auctor</strong></span> <span class='ocrx_word' id='word_1_73' title='bbox 974 970 1068 1045; x_wconf 88' lang='lat' dir='ltr'><strong>nomi-</strong></span> 
     </span>
     <span class='ocr_line' id='line_1_10' title="bbox 60 1056 1068 1140; baseline -0.004 -19"><span class='ocrx_word' id='word_1_74' title='bbox 60 1063 107 1122; x_wconf 90' lang='lat' dir='ltr'><strong>nis</strong></span> <span class='ocrx_word' id='word_1_75' title='bbox 122 1062 186 1120; x_wconf 93' lang='lat' dir='ltr'><strong>eius</strong></span> <span class='ocrx_word' id='word_1_76' title='bbox 201 1058 337 1120; x_wconf 83' lang='lat' dir='ltr'><strong>Christus</strong></span> <span class='ocrx_word' id='word_1_77' title='bbox 352 1057 472 1118; x_wconf 84' lang='lat' dir='ltr'><strong>Tiberio</strong></span> <span class='ocrx_word' id='word_1_78' title='bbox 480 1060 675 1137; x_wconf 89' lang='lat' dir='ltr'><strong>imperitante</strong></span> <span class='ocrx_word' id='word_1_79' title='bbox 688 1077 743 1139; x_wconf 88' lang='lat' dir='ltr'><strong>per</strong></span> <span class='ocrx_word' id='word_1_80' title='bbox 757 1068 981 1140; x_wconf 90' lang='lat' dir='ltr'><strong>procuratorem</strong></span> <span class='ocrx_word' id='word_1_81' title='bbox 994 1056 1068 1118; x_wconf 92' lang='lat' dir='ltr'><strong>Pon-</strong></span> 
     </span>
     <span class='ocr_line' id='line_1_11' title="bbox 61 1145 1069 1229; baseline -0.004 -18"><span class='ocrx_word' id='word_1_82' title='bbox 61 1151 136 1212; x_wconf 87' lang='lat' dir='ltr'><strong>tium</strong></span> <span class='ocrx_word' id='word_1_83' title='bbox 145 1146 272 1208; x_wconf 92' lang='lat' dir='ltr'><strong>Pilatum</strong></span> <span class='ocrx_word' id='word_1_84' title='bbox 286 1145 431 1226; x_wconf 92' lang='lat' dir='ltr'><strong>supplicio</strong></span> <span class='ocrx_word' id='word_1_85' title='bbox 445 1146 579 1208; x_wconf 89' lang='lat' dir='ltr'><strong>adlectus</strong></span> <span class='ocrx_word' id='word_1_86' title='bbox 593 1154 669 1229; x_wconf 83' lang='lat' dir='ltr'><strong>erat3</strong></span> <span class='ocrx_word' id='word_1_87' title='bbox 683 1165 877 1228; x_wconf 89' lang='lat' dir='ltr'><strong>repressaque</strong></span> <span class='ocrx_word' id='word_1_88' title='bbox 888 1152 918 1208; x_wconf 88' lang='lat' dir='ltr'><strong>in</strong></span> <span class='ocrx_word' id='word_1_89' title='bbox 928 1163 1069 1226; x_wconf 90' lang='lat' dir='ltr'><strong>praesens</strong></span> 
     </span>
     <span class='ocr_line' id='line_1_12' title="bbox 62 1234 1069 1317; baseline -0.004 -18"><span class='ocrx_word' id='word_1_90' title='bbox 62 1235 219 1300; x_wconf 86' lang='lat' dir='ltr'><strong>exitiabilis</strong></span> <span class='ocrx_word' id='word_1_91' title='bbox 238 1237 412 1316; x_wconf 87' lang='lat' dir='ltr'><strong>superstitio</strong></span> <span class='ocrx_word' id='word_1_92' title='bbox 431 1253 551 1296; x_wconf 93' lang='lat' dir='ltr'><strong>rursum</strong></span> <span class='ocrx_word' id='word_1_93' title='bbox 570 1234 757 1317; x_wconf 86' lang='lat' dir='ltr'><strong>erumpebat,</strong></span> <span class='ocrx_word' id='word_1_94' title='bbox 775 1253 835 1297; x_wconf 94' lang='lat' dir='ltr'><strong>non</strong></span> <span class='ocrx_word' id='word_1_95' title='bbox 854 1236 941 1296; x_wconf 95' lang='lat' dir='ltr'><strong>modo</strong></span> <span class='ocrx_word' id='word_1_96' title='bbox 955 1253 1010 1314; x_wconf 90' lang='lat' dir='ltr'><strong>per</strong></span> <span class='ocrx_word' id='word_1_97' title='bbox 1023 1234 1069 1296; x_wconf 93' lang='lat' dir='ltr'><strong>lu-</strong></span> 
     </span>
     <span class='ocr_line' id='line_1_13' title="bbox 62 1322 1110 1406; baseline -0.009 -18"><span class='ocrx_word' id='word_1_98' title='bbox 62 1326 172 1406; x_wconf 89' lang='lat' dir='ltr'><strong>daeam,</strong></span> <span class='ocrx_word' id='word_1_99' title='bbox 187 1326 332 1403; x_wconf 81' lang='lat' dir='ltr'><strong>originem</strong></span> <span class='ocrx_word' id='word_1_100' title='bbox 346 1325 411 1385; x_wconf 90' lang='lat' dir='ltr'><strong>eius</strong></span> <span class='ocrx_word' id='word_1_101' title='bbox 423 1322 506 1404; x_wconf 87' lang='lat' dir='ltr'><strong>mall,</strong></span> <span class='ocrx_word' id='word_1_102' title='bbox 521 1322 573 1383; x_wconf 90' lang='lat' dir='ltr'><strong>sed</strong></span> <span class='ocrx_word' id='word_1_103' title='bbox 587 1341 641 1402; x_wconf 91' lang='lat' dir='ltr'><strong>per</strong></span> <span class='ocrx_word' id='word_1_104' title='bbox 655 1322 759 1384; x_wconf 91' lang='lat' dir='ltr'><strong>urbem</strong></span> <span class='ocrx_word' id='word_1_105' title='bbox 775 1326 875 1403; x_wconf 88' lang='lat' dir='ltr'><strong>etiam,</strong></span> <span class='ocrx_word' id='word_1_106' title='bbox 890 1342 949 1402; x_wconf 90' lang='lat' dir='ltr'><strong>quo</strong></span> <span class='ocrx_word' id='word_1_107' title='bbox 964 1330 1110 1384; x_wconf 77' lang='lat' dir='ltr'><strong>cunctare</strong></span> 
     </span>
     <span class='ocr_line' id='line_1_14' title="bbox 62 1411 1071 1493; baseline -0.005 -18"><span class='ocrx_word' id='word_1_108' title='bbox 62 1414 193 1493; x_wconf 92' lang='lat' dir='ltr'><strong>undique</strong></span> <span class='ocrx_word' id='word_1_109' title='bbox 199 1414 313 1489; x_wconf 90' lang='lat' dir='ltr'><strong>atrocia</strong></span> <span class='ocrx_word' id='word_1_110' title='bbox 326 1419 378 1473; x_wconf 91' lang='lat' dir='ltr'><strong>aut</strong></span> <span class='ocrx_word' id='word_1_111' title='bbox 391 1411 529 1491; x_wconf 90' lang='lat' dir='ltr'><strong>pudenda</strong></span> <span class='ocrx_word' id='word_1_112' title='bbox 538 1411 692 1473; x_wconf 90' lang='lat' dir='ltr'><strong>conlluunt</strong></span> <span class='ocrx_word' id='word_1_113' title='bbox 701 1411 956 1491; x_wconf 87' lang='lat' dir='ltr'><strong>celebranturque.</strong></span> <span class='ocrx_word' id='word_1_114' title='bbox 979 1412 1071 1489; x_wconf 82' lang='lat' dir='ltr'><strong>igitur</strong></span> 
     </span>
     <span class='ocr_line' id='line_1_15' title="bbox 62 1496 1070 1582; baseline -0.004 -19"><span class='ocrx_word' id='word_1_115' title='bbox 62 1505 192 1582; x_wconf 92' lang='lat' dir='ltr'><strong>primum</strong></span> <span class='ocrx_word' id='word_1_116' title='bbox 206 1501 337 1578; x_wconf 90' lang='lat' dir='ltr'><strong>correpti</strong></span> <span class='ocrx_word' id='word_1_117' title='bbox 350 1502 402 1580; x_wconf 87' lang='lat' dir='ltr'><strong>qui</strong></span> <span class='ocrx_word' id='word_1_118' title='bbox 416 1498 596 1580; x_wconf 79' lang='lat' dir='ltr'><strong>fatebantur,</strong></span> <span class='ocrx_word' id='word_1_119' title='bbox 611 1500 718 1561; x_wconf 91' lang='lat' dir='ltr'><strong>deinde</strong></span> <span class='ocrx_word' id='word_1_120' title='bbox 732 1499 842 1561; x_wconf 90' lang='lat' dir='ltr'><strong>indicio</strong></span> <span class='ocrx_word' id='word_1_121' title='bbox 856 1517 959 1561; x_wconf 87' lang='lat' dir='ltr'><strong>eorum</strong></span> <span class='ocrx_word' id='word_1_122' title='bbox 973 1496 1070 1559; x_wconf 91' lang='lat' dir='ltr'><strong>multi-</strong></span> 
     </span>
     <span class='ocr_line' id='line_1_16' title="bbox 63 1586 1070 1667; baseline -0.005 -15"><span class='ocrx_word' id='word_1_123' title='bbox 63 1590 135 1652; x_wconf 88' lang='lat' dir='ltr'><strong>tudo</strong></span> <span class='ocrx_word' id='word_1_124' title='bbox 154 1591 258 1667; x_wconf 82' lang='lat' dir='ltr'><strong>ingens</strong></span> <span class='ocrx_word' id='word_1_125' title='bbox 276 1588 354 1648; x_wconf 93' lang='lat' dir='ltr'><strong>haud</strong></span> <span class='ocrx_word' id='word_1_126' title='bbox 367 1587 492 1666; x_wconf 91' lang='lat' dir='ltr'><strong>proinde</strong></span> <span class='ocrx_word' id='word_1_127' title='bbox 506 1590 537 1649; x_wconf 88' lang='lat' dir='ltr'><strong>in</strong></span> <span class='ocrx_word' id='word_1_128' title='bbox 552 1590 675 1667; x_wconf 74' lang='lat' dir='ltr'><strong>erimine</strong></span> <span class='ocrx_word' id='word_1_129' title='bbox 689 1587 820 1649; x_wconf 89' lang='lat' dir='ltr'><strong>incendii</strong></span> <span class='ocrx_word' id='word_1_130' title='bbox 834 1605 922 1666; x_wconf 86' lang='lat' dir='ltr'><strong>quam</strong></span> <span class='ocrx_word' id='word_1_131' title='bbox 936 1587 1002 1648; x_wconf 91' lang='lat' dir='ltr'><strong>odio</strong></span> <span class='ocrx_word' id='word_1_132' title='bbox 1017 1586 1070 1647; x_wconf 92' lang='lat' dir='ltr'><strong>hu·</strong></span> 
     </span>
     <span class='ocr_line' id='line_1_17' title="bbox 63 1675 1071 1755; baseline -0.006 -15"><span class='ocrx_word' id='word_1_133' title='bbox 63 1679 143 1740; x_wconf 93' lang='lat' dir='ltr'><strong>mani</strong></span> <span class='ocrx_word' id='word_1_134' title='bbox 160 1678 278 1755; x_wconf 81' lang='lat' dir='ltr'><strong>generis</strong></span> <span class='ocrx_word' id='word_1_135' title='bbox 297 1678 424 1736; x_wconf 87' lang='lat' dir='ltr'><strong>convicti</strong></span> <span class='ocrx_word' id='word_1_136' title='bbox 443 1684 520 1737; x_wconf 88' lang='lat' dir='ltr'><strong>sunt.</strong></span> <span class='ocrx_word' id='word_1_137' title='bbox 558 1684 588 1737; x_wconf 95' lang='lat' dir='ltr'><strong>et</strong></span> <span class='ocrx_word' id='word_1_138' title='bbox 605 1676 800 1753; x_wconf 88' lang='lat' dir='ltr'><strong>pereuntibus</strong></span> <span class='ocrx_word' id='word_1_139' title='bbox 819 1676 918 1738; x_wconf 89' lang='lat' dir='ltr'><strong>addita</strong></span> <span class='ocrx_word' id='word_1_140' title='bbox 936 1675 1071 1755; x_wconf 87' lang='lat' dir='ltr'><strong>ludibria,</strong></span> 
     </span>
     <span class='ocr_line' id='line_1_18' title="bbox 63 1763 1111 1844; baseline -0.008 -15"><span class='ocrx_word' id='word_1_141' title='bbox 63 1775 97 1828; x_wconf 92' lang='lat' dir='ltr'><strong>ut</strong></span> <span class='ocrx_word' id='word_1_142' title='bbox 116 1767 245 1837; x_wconf 84' lang='lat' dir='ltr'><strong>serarum</strong></span> <span class='ocrx_word' id='word_1_143' title='bbox 264 1766 356 1842; x_wconf 84' lang='lat' dir='ltr'><strong>tergis</strong></span> <span class='ocrx_word' id='word_1_144' title='bbox 375 1766 503 1826; x_wconf 91' lang='lat' dir='ltr'><strong>contecti</strong></span> <span class='ocrx_word' id='word_1_145' title='bbox 521 1764 631 1825; x_wconf 88' lang='lat' dir='ltr'><strong>laniatu</strong></span> <span class='ocrx_word' id='word_1_146' title='bbox 657 1783 764 1825; x_wconf 91' lang='lat' dir='ltr'><strong>canum</strong></span> <span class='ocrx_word' id='word_1_147' title='bbox 787 1766 959 1844; x_wconf 86' lang='lat' dir='ltr'><strong>interirent,</strong></span> <span class='ocrx_word' id='word_1_148' title='bbox 986 1763 1072 1824; x_wconf 87' lang='lat' dir='ltr'><strong>multi</strong></span> <span class='ocrx_word' id='word_1_149' title='bbox 1086 1782 1111 1821; x_wconf 82' lang='lat' dir='ltr'><strong>eo</strong></span> 
     </span>
     <span class='ocr_line' id='line_1_19' title="bbox 64 1851 1073 1933; baseline -0.006 -16"><span class='ocrx_word' id='word_1_150' title='bbox 64 1853 204 1917; x_wconf 89' lang='lat' dir='ltr'><strong>crucibus</strong></span> <span class='ocrx_word' id='word_1_151' title='bbox 218 1853 306 1914; x_wconf 86' lang='lat' dir='ltr'><strong>adfixi</strong></span> <span class='ocrx_word' id='word_1_152' title='bbox 320 1861 371 1914; x_wconf 89' lang='lat' dir='ltr'><strong>aut</strong></span> <span class='ocrx_word' id='word_1_153' title='bbox 388 1851 504 1914; x_wconf 90' lang='lat' dir='ltr'><strong>llamma</strong></span> <span class='ocrx_word' id='word_1_154' title='bbox 522 1855 594 1932; x_wconf 85' lang='lat' dir='ltr'><strong>usti,</strong></span> <span class='ocrx_word' id='word_1_155' title='bbox 613 1853 733 1933; x_wconf 87' lang='lat' dir='ltr'><strong>aliique,</strong></span> <span class='ocrx_word' id='word_1_156' title='bbox 752 1852 804 1914; x_wconf 92' lang='lat' dir='ltr'><strong>ubi</strong></span> <span class='ocrx_word' id='word_1_157' title='bbox 822 1853 980 1913; x_wconf 84' lang='lat' dir='ltr'><strong>deiecisset</strong></span> <span class='ocrx_word' id='word_1_158' title='bbox 1000 1851 1073 1932; x_wconf 83' lang='lat' dir='ltr'><strong>dies,</strong></span> 
     </span>
     <span class='ocr_line' id='line_1_20' title="bbox 64 1939 1073 2020; baseline -0.005 -15"><span class='ocrx_word' id='word_1_159' title='bbox 64 1946 193 2005; x_wconf 79' lang='lat' dir='ltr'><strong>inrisum</strong></span> <span class='ocrx_word' id='word_1_160' title='bbox 202 1943 342 2003; x_wconf 90' lang='lat' dir='ltr'><strong>nocturni</strong></span> <span class='ocrx_word' id='word_1_161' title='bbox 350 1940 469 2002; x_wconf 91' lang='lat' dir='ltr'><strong>luminis</strong></span> <span class='ocrx_word' id='word_1_162' title='bbox 479 1949 648 2002; x_wconf 87' lang='lat' dir='ltr'><strong>urerentur.</strong></span> <span class='ocrx_word' id='word_1_163' title='bbox 670 1941 773 2002; x_wconf 88' lang='lat' dir='ltr'><strong>hortos</strong></span> <span class='ocrx_word' id='word_1_164' title='bbox 788 1959 857 2002; x_wconf 93' lang='lat' dir='ltr'><strong>suos</strong></span> <span class='ocrx_word' id='word_1_165' title='bbox 867 1943 895 2001; x_wconf 91' lang='lat' dir='ltr'><strong>ei</strong></span> <span class='ocrx_word' id='word_1_166' title='bbox 905 1939 1073 2020; x_wconf 88' lang='lat' dir='ltr'><strong>spectaculo</strong></span> 
     </span>
     <span class='ocr_line' id='line_1_21' title="bbox 64 2021 1071 2110; baseline -0.004 -18"><span class='ocrx_word' id='word_1_167' title='bbox 64 2024 142 2092; x_wconf 72' lang='lat' dir='ltr'><strong>Nero</strong></span> <span class='ocrx_word' id='word_1_168' title='bbox 161 2028 308 2091; x_wconf 88' lang='lat' dir='ltr'><strong>obtulerat</strong></span> <span class='ocrx_word' id='word_1_169' title='bbox 327 2036 357 2091; x_wconf 89' lang='lat' dir='ltr'><strong>et</strong></span> <span class='ocrx_word' id='word_1_170' title='bbox 375 2031 509 2091; x_wconf 89' lang='lat' dir='ltr'><strong>circense</strong></span> <span class='ocrx_word' id='word_1_171' title='bbox 527 2028 676 2091; x_wconf 92' lang='lat' dir='ltr'><strong>ludicrum</strong></span> <span class='ocrx_word' id='word_1_172' title='bbox 695 2021 812 2110; x_wconf 87' lang='lat' dir='ltr'><strong>edebat,</strong></span> <span class='ocrx_word' id='word_1_173' title='bbox 831 2028 935 2090; x_wconf 92' lang='lat' dir='ltr'><strong>babitu</strong></span> <span class='ocrx_word' id='word_1_174' title='bbox 954 2030 1071 2107; x_wconf 86' lang='lat' dir='ltr'><strong>aurigae</strong></span> 
     </span>
     <span class='ocr_line' id='line_1_22' title="bbox 64 2116 1072 2199; baseline -0.003 -19"><span class='ocrx_word' id='word_1_175' title='bbox 64 2121 228 2199; x_wconf 82' lang='lat' dir='ltr'><strong>permixtus</strong></span> <span class='ocrx_word' id='word_1_176' title='bbox 243 2116 323 2196; x_wconf 90' lang='lat' dir='ltr'><strong>plebi</strong></span> <span class='ocrx_word' id='word_1_177' title='bbox 336 2117 382 2180; x_wconf 85' lang='lat' dir='ltr'><strong>vel</strong></span> <span class='ocrx_word' id='word_1_178' title='bbox 396 2117 546 2179; x_wconf 89' lang='lat' dir='ltr'><strong>curriculo</strong></span> <span class='ocrx_word' id='word_1_179' title='bbox 560 2120 709 2179; x_wconf 87' lang='lat' dir='ltr'><strong>insistens.</strong></span> <span class='ocrx_word' id='word_1_180' title='bbox 738 2117 817 2179; x_wconf 90' lang='lat' dir='ltr'><strong>unde</strong></span> <span class='ocrx_word' id='word_1_181' title='bbox 832 2135 1010 2198; x_wconf 89' lang='lat' dir='ltr'><strong>quamquam</strong></span> <span class='ocrx_word' id='word_1_182' title='bbox 1024 2117 1072 2178; x_wconf 93' lang='lat' dir='ltr'><strong>ad-</strong></span> 
     </span>
     <span class='ocr_line' id='line_1_23' title="bbox 64 2206 1114 2284; baseline -0.005 -15"><span class='ocrx_word' id='word_1_183' title='bbox 64 2225 169 2269; x_wconf 89' lang='lat' dir='ltr'><strong>versus</strong></span> <span class='ocrx_word' id='word_1_184' title='bbox 191 2215 292 2268; x_wconf 90' lang='lat' dir='ltr'><strong>sontes</strong></span> <span class='ocrx_word' id='word_1_185' title='bbox 311 2213 342 2268; x_wconf 90' lang='lat' dir='ltr'><strong>et</strong></span> <span class='ocrx_word' id='word_1_186' title='bbox 359 2208 517 2268; x_wconf 87' lang='lat' dir='ltr'><strong>novissima</strong></span> <span class='ocrx_word' id='word_1_187' title='bbox 535 2206 669 2284; x_wconf 84' lang='lat' dir='ltr'><strong>exempla</strong></span> <span class='ocrx_word' id='word_1_188' title='bbox 687 2208 809 2268; x_wconf 91' lang='lat' dir='ltr'><strong>meritos</strong></span> <span class='ocrx_word' id='word_1_189' title='bbox 826 2208 977 2268; x_wconf 85' lang='lat' dir='ltr'><strong>miseratio</strong></span> <span class='ocrx_word' id='word_1_190' title='bbox 999 2208 1073 2267; x_wconf 91' lang='lat' dir='ltr'><strong>orie·</strong></span> <span class='ocrx_word' id='word_1_191' title='bbox 1088 2223 1114 2264; x_wconf 82' lang='lat' dir='ltr'><strong>es</strong></span> 
     </span>
     <span class='ocr_line' id='line_1_24' title="bbox 65 2294 1074 2374; baseline -0.001 -18"><span class='ocrx_word' id='word_1_192' title='bbox 65 2294 165 2373; x_wconf 88' lang='lat' dir='ltr'><strong>batur,</strong></span> <span class='ocrx_word' id='word_1_193' title='bbox 179 2301 328 2372; x_wconf 91' lang='lat' dir='ltr'><strong>tamquam</strong></span> <span class='ocrx_word' id='word_1_194' title='bbox 342 2312 402 2354; x_wconf 91' lang='lat' dir='ltr'><strong>non</strong></span> <span class='ocrx_word' id='word_1_195' title='bbox 416 2294 542 2356; x_wconf 91' lang='lat' dir='ltr'><strong>utilitate</strong></span> <span class='ocrx_word' id='word_1_196' title='bbox 557 2294 688 2374; x_wconf 84' lang='lat' dir='ltr'><strong>publica,</strong></span> <span class='ocrx_word' id='word_1_197' title='bbox 708 2294 760 2355; x_wconf 92' lang='lat' dir='ltr'><strong>sed</strong></span> <span class='ocrx_word' id='word_1_198' title='bbox 774 2297 806 2355; x_wconf 91' lang='lat' dir='ltr'><strong>in</strong></span> <span class='ocrx_word' id='word_1_199' title='bbox 820 2297 971 2357; x_wconf 87' lang='lat' dir='ltr'><strong>saevitiam</strong></span> <span class='ocrx_word' id='word_1_200' title='bbox 986 2296 1074 2356; x_wconf 92' lang='lat' dir='ltr'><strong>unius</strong></span> 
     </span>
     <span class='ocr_line' id='line_1_25' title="bbox 66 2381 302 2443; baseline -0.013 0"><span class='ocrx_word' id='word_1_201' title='bbox 66 2381 302 2443; x_wconf 87' lang='lat' dir='ltr'><strong>absumerentur.</strong></span> 
     </span>
    </p>

    <p class='ocr_par' dir='ltr' id='par_1_3' title="bbox 67 2464 1100 2900">
     <span class='ocr_line' id='line_1_26' title="bbox 132 2464 1073 2549; baseline -0.002 -18"><span class='ocrx_word' id='word_1_202' title='bbox 132 2464 184 2531; x_wconf 84' lang='lat'><strong>45.</strong></span> <span class='ocrx_word' id='word_1_203' title='bbox 206 2467 323 2529; x_wconf 89' lang='lat' dir='ltr'><strong>Interea</strong></span> <span class='ocrx_word' id='word_1_204' title='bbox 343 2469 531 2529; x_wconf 84' lang='lat' dir='ltr'><strong>conferendis</strong></span> <span class='ocrx_word' id='word_1_205' title='bbox 552 2471 686 2548; x_wconf 90' lang='lat' dir='ltr'><strong>pecuniis</strong></span> <span class='ocrx_word' id='word_1_206' title='bbox 706 2477 873 2549; x_wconf 82' lang='lat' dir='ltr'><strong>pervastata</strong></span> <span class='ocrx_word' id='word_1_207' title='bbox 892 2469 989 2549; x_wconf 84' lang='lat' dir='ltr'><strong>ltalia,</strong></span> <span class='ocrx_word' id='word_1_208' title='bbox 1007 2488 1073 2548; x_wconf 94' lang='lat' dir='ltr'><strong>pro-</strong></span> 
     </span>
     <span class='ocr_line' id='line_1_27' title="bbox 67 2556 1074 2635; baseline -0.001 -16"><span class='ocrx_word' id='word_1_209' title='bbox 67 2559 179 2619; x_wconf 87' lang='lat' dir='ltr'><strong>vinciae</strong></span> <span class='ocrx_word' id='word_1_210' title='bbox 203 2574 322 2617; x_wconf 89' lang='lat' dir='ltr'><strong>eversae</strong></span> <span class='ocrx_word' id='word_1_211' title='bbox 345 2557 477 2635; x_wconf 90' lang='lat' dir='ltr'><strong>sociique</strong></span> <span class='ocrx_word' id='word_1_212' title='bbox 505 2556 608 2634; x_wconf 91' lang='lat' dir='ltr'><strong>populi</strong></span> <span class='ocrx_word' id='word_1_213' title='bbox 633 2564 663 2617; x_wconf 91' lang='lat' dir='ltr'><strong>et</strong></span> <span class='ocrx_word' id='word_1_214' title='bbox 688 2574 763 2634; x_wconf 90' lang='lat' dir='ltr'><strong>quae</strong></span> <span class='ocrx_word' id='word_1_215' title='bbox 783 2559 945 2618; x_wconf 87' lang='lat' dir='ltr'><strong>civitatium</strong></span> <span class='ocrx_word' id='word_1_216' title='bbox 964 2556 1074 2618; x_wconf 89' lang='lat' dir='ltr'><strong>liberae</strong></span> 
     </span>
     <span class='ocr_line' id='line_1_28' title="bbox 67 2643 1073 2725; baseline -0.002 -18"><span class='ocrx_word' id='word_1_217' title='bbox 67 2653 218 2707; x_wconf 82' lang='lat' dir='ltr'><strong>vocantur.</strong></span> <span class='ocrx_word' id='word_1_218' title='bbox 245 2647 335 2724; x_wconf 87' lang='lat' dir='ltr'><strong>inque</strong></span> <span class='ocrx_word' id='word_1_219' title='bbox 350 2662 415 2705; x_wconf 91' lang='lat' dir='ltr'><strong>eam</strong></span> <span class='ocrx_word' id='word_1_220' title='bbox 432 2643 572 2723; x_wconf 89' lang='lat' dir='ltr'><strong>praedam</strong></span> <span class='ocrx_word' id='word_1_221' title='bbox 591 2645 678 2704; x_wconf 89' lang='lat' dir='ltr'><strong>etiam</strong></span> <span class='ocrx_word' id='word_1_222' title='bbox 698 2643 877 2725; x_wconf 87' lang='lat' dir='ltr'><strong>dicessere,</strong></span> <span class='ocrx_word' id='word_1_223' title='bbox 897 2645 1030 2724; x_wconf 93' lang='lat' dir='ltr'><strong>spoliatis</strong></span> <span class='ocrx_word' id='word_1_224' title='bbox 1044 2648 1073 2705; x_wconf 91' lang='lat' dir='ltr'><strong>in</strong></span> 
     </span>
     <span class='ocr_line' id='line_1_29' title="bbox 67 2731 1074 2813; baseline -0.002 -18"><span class='ocrx_word' id='word_1_225' title='bbox 67 2733 142 2796; x_wconf 89' lang='lat' dir='ltr'><strong>urbe</strong></span> <span class='ocrx_word' id='word_1_226' title='bbox 165 2732 282 2812; x_wconf 90' lang='lat' dir='ltr'><strong>templis</strong></span> <span class='ocrx_word' id='word_1_227' title='bbox 306 2740 465 2811; x_wconf 81' lang='lat' dir='ltr'><strong>egestoque</strong></span> <span class='ocrx_word' id='word_1_228' title='bbox 488 2749 574 2812; x_wconf 86' lang='lat' dir='ltr'><strong>auro,</strong></span> <span class='ocrx_word' id='word_1_229' title='bbox 598 2731 677 2810; x_wconf 92' lang='lat' dir='ltr'><strong>quod</strong></span> <span class='ocrx_word' id='word_1_230' title='bbox 700 2731 872 2812; x_wconf 90' lang='lat' dir='ltr'><strong>triumphis,</strong></span> <span class='ocrx_word' id='word_1_231' title='bbox 896 2733 975 2813; x_wconf 89' lang='lat' dir='ltr'><strong>quod</strong></span> <span class='ocrx_word' id='word_1_232' title='bbox 999 2736 1074 2795; x_wconf 87' lang='lat' dir='ltr'><strong>votis</strong></span> 
     </span>
     <span class='ocr_line' id='line_1_30' title="bbox 67 2820 1100 2900; baseline -0.003 -18"><span class='ocrx_word' id='word_1_233' title='bbox 67 2823 163 2882; x_wconf 90' lang='lat' dir='ltr'><strong>omnis</strong></span> <span class='ocrx_word' id='word_1_234' title='bbox 181 2820 284 2900; x_wconf 92' lang='lat' dir='ltr'><strong>populi</strong></span> <span class='ocrx_word' id='word_1_235' title='bbox 297 2820 421 2881; x_wconf 88' lang='lat' dir='ltr'><strong>Romani</strong></span> <span class='ocrx_word' id='word_1_236' title='bbox 440 2828 520 2882; x_wconf 90' lang='lat' dir='ltr'><strong>aetas</strong></span> <span class='ocrx_word' id='word_1_237' title='bbox 537 2838 679 2899; x_wconf 89' lang='lat' dir='ltr'><strong>prospere</strong></span> <span class='ocrx_word' id='word_1_238' title='bbox 695 2827 745 2881; x_wconf 92' lang='lat' dir='ltr'><strong>aut</strong></span> <span class='ocrx_word' id='word_1_239' title='bbox 758 2822 790 2881; x_wconf 94' lang='lat' dir='ltr'><strong>in</strong></span> <span class='ocrx_word' id='word_1_240' title='bbox 803 2828 885 2881; x_wconf 90' lang='lat' dir='ltr'><strong>metu</strong></span> <span class='ocrx_word' id='word_1_241' title='bbox 899 2830 1073 2883; x_wconf 87' lang='lat' dir='ltr'><strong>sacraverat.</strong></span> <span class='ocrx_word' id='word_1_242' title='bbox 1088 2840 1100 2879; x_wconf 81' lang='lat' dir='ltr'><strong>s</strong></span> 
     </span>
    </p>
   </div>
   <div class='ocr_carea' id='block_1_3' title="bbox 65 2957 1075 3611">
    <p class='ocr_par' dir='ltr' id='par_1_4' title="bbox 65 2957 1075 3611">
     <span class='ocr_line' id='line_1_31' title="bbox 119 2957 1073 3056; baseline 0.001 -27"><span class='ocrx_word' id='word_1_243' title='bbox 119 2974 218 3056; x_wconf 32' lang='lat' dir='ltr'><strong>‚44st</strong></span> <span class='ocrx_word' id='word_1_244' title='bbox 243 2988 401 3054; x_wconf 72' lang='lat' dir='ltr'><strong>respersum</strong></span> <span class='ocrx_word' id='word_1_245' title='bbox 427 2973 543 3029; x_wconf 83' lang='lat' dir='ltr'><strong>malebat</strong></span> <span class='ocrx_word' id='word_1_246' title='bbox 569 2973 765 3054; x_wconf 62' lang='lat' dir='ltr'><strong>Bezzenberpef</strong></span> <span class='ocrx_word' id='word_1_247' title='bbox 782 2957 850 3030; x_wconf 84' lang='lat' dir='ltr'><strong>coll.</strong></span> <span class='ocrx_word' id='word_1_248' title='bbox 874 2978 923 3040; x_wconf 82' lang='lat'><strong>16,</strong></span> <span class='ocrx_word' id='word_1_249' title='bbox 951 2980 987 3030; x_wconf 91' lang='lat'><strong>10</strong></span> <span class='ocrx_word' id='word_1_250' title='bbox 1011 2977 1017 3045; x_wconf 80' lang='lat' dir='ltr'><strong>l</strong></span> <span class='ocrx_word' id='word_1_251' title='bbox 1042 2983 1073 3030; x_wconf 86' lang='lat'><strong>18</strong></span> 
     </span>
     <span class='ocr_line' id='line_1_32' title="bbox 66 3042 1075 3126; baseline -0.002 -26"><span class='ocrx_word' id='word_1_252' title='bbox 66 3044 183 3126; x_wconf 80' lang='lat' dir='ltr'><strong>permde</strong></span> <span class='ocrx_word' id='word_1_253' title='bbox 202 3046 237 3099; x_wconf 87' lang='lat' dir='ltr'><strong>ol.</strong></span> <span class='ocrx_word' id='word_1_254' title='bbox 255 3046 259 3107; x_wconf 96' lang='grc' dir='ltr'>Ι</span> <span class='ocrx_word' id='word_1_255' title='bbox 275 3061 305 3124; x_wconf 68' lang='lat'><strong>¹¹?</strong></span> <span class='ocrx_word' id='word_1_256' title='bbox 323 3045 372 3099; x_wconf 83' lang='lat' dir='ltr'><strong>del.</strong></span> <span class='ocrx_word' id='word_1_257' title='bbox 393 3042 521 3099; x_wconf 70' lang='lat' dir='ltr'><strong>Facinus</strong></span> <span class='ocrx_word' id='word_1_258' title='bbox 536 3044 590 3124; x_wconf 32' lang='lat'><strong>1¹19</strong></span> <span class='ocrx_word' id='word_1_259' title='bbox 610 3046 753 3125; x_wconf 65' lang='lat' dir='ltr'><strong>comunctp</strong></span> <span class='ocrx_word' id='word_1_260' title='bbox 776 3046 781 3114; x_wconf 81' lang='grc' dir='ltr'>Ι</span> <span class='ocrx_word' id='word_1_261' title='bbox 806 3050 840 3100; x_wconf 81' lang='lat'><strong>20</strong></span> <span class='ocrx_word' id='word_1_262' title='bbox 858 3042 1008 3099; x_wconf 81' lang='lat' dir='ltr'><strong>interirent</strong></span> <span class='ocrx_word' id='word_1_263' title='bbox 1025 3047 1075 3099; x_wconf 84' lang='lat' dir='ltr'><strong>aut</strong></span> 
     </span>
     <span class='ocr_line' id='line_1_33' title="bbox 67 3113 1074 3199; baseline -0.001 -28"><span class='ocrx_word' id='word_1_264' title='bbox 67 3115 195 3199; x_wconf 75' lang='lat' dir='ltr'><strong>crucibus</strong></span> <span class='ocrx_word' id='word_1_265' title='bbox 218 3113 303 3169; x_wconf 79' lang='lat' dir='ltr'><strong>adfixi</strong></span> <span class='ocrx_word' id='word_1_266' title='bbox 325 3116 381 3198; x_wconf 39' lang='lat' dir='ltr'><strong>aut·</strong></span> <span class='ocrx_word' id='word_1_267' title='bbox 396 3113 560 3168; x_wconf 76' lang='lat' dir='ltr'><strong>dammandi</strong></span> <span class='ocrx_word' id='word_1_268' title='bbox 582 3116 667 3183; x_wconf 83' lang='lat' dir='ltr'><strong>abque</strong></span> <span class='ocrx_word' id='word_1_269' title='bbox 693 3113 743 3169; x_wconf 84' lang='lat' dir='ltr'><strong>ubr</strong></span> <span class='ocrx_word' id='word_1_270' title='bbox 759 3116 838 3197; x_wconf 68' lang='lat' dir='ltr'><strong>Med.</strong></span> <span class='ocrx_word' id='word_1_271' title='bbox 858 3118 1024 3172; x_wconf 68' lang='lat' dir='ltr'><strong>coercemus</strong></span> <span class='ocrx_word' id='word_1_272' title='bbox 1041 3133 1074 3170; x_wconf 81' lang='lat' dir='ltr'><strong>ec</strong></span> 
     </span>
     <span class='ocr_line' id='line_1_34' title="bbox 66 3185 1074 3338; baseline -0.005 -24"><span class='ocrx_word' id='word_1_273' title='bbox 66 3185 693 3338; x_wconf 59' lang='lat' dir='ltr'><strong>iladtdtttsddldiddil‘db</strong></span> <span class='ocrx_word' id='word_1_274' title='bbox 707 3187 1074 3337; x_wconf 48' lang='lat' dir='ltr'><strong>attulissetis}</strong></span> 
     </span>
     <span class='ocr_line' id='line_1_35' title="bbox 68 3325 1072 3409; baseline -0.003 -26"><span class='ocrx_word' id='word_1_275' title='bbox 68 3329 197 3383; x_wconf 80' lang='lat' dir='ltr'><strong>crucrbus</strong></span> <span class='ocrx_word' id='word_1_276' title='bbox 216 3326 301 3409; x_wconf 69' lang='lat' dir='ltr'><strong>adfixr</strong></span> <span class='ocrx_word' id='word_1_277' title='bbox 319 3329 368 3407; x_wconf 79' lang='lat' dir='ltr'><strong>aut</strong></span> <span class='ocrx_word' id='word_1_278' title='bbox 385 3325 499 3408; x_wconf 71' lang='lat' dir='ltr'><strong>flamma</strong></span> <span class='ocrx_word' id='word_1_279' title='bbox 516 3328 586 3393; x_wconf 78' lang='lat' dir='ltr'><strong>usti,</strong></span> <span class='ocrx_word' id='word_1_280' title='bbox 611 3326 738 3406; x_wconf 78' lang='lat' dir='ltr'><strong>plerique</strong></span> <span class='ocrx_word' id='word_1_281' title='bbox 759 3327 794 3407; x_wconf 41' lang='lat' dir='ltr'><strong>in·</strong></span> <span class='ocrx_word' id='word_1_282' title='bbox 812 3326 842 3408; x_wconf 71' lang='lat' dir='ltr'><strong>id</strong></span> <span class='ocrx_word' id='word_1_283' title='bbox 859 3330 1008 3395; x_wconf 77' lang='lat' dir='ltr'><strong>reservati,</strong></span> <span class='ocrx_word' id='word_1_284' title='bbox 1032 3329 1072 3393; x_wconf 87' lang='lat' dir='ltr'><strong>ut,</strong></span> 
     </span>
     <span class='ocr_line' id='line_1_36' title="bbox 67 3396 1070 3480; baseline -0.003 -25"><span class='ocrx_word' id='word_1_285' title='bbox 67 3413 131 3455; x_wconf 75' lang='lat' dir='ltr'><strong>sum</strong></span> <span class='ocrx_word' id='word_1_286' title='bbox 147 3396 297 3480; x_wconf 54' lang='lat' dir='ltr'><strong>deiecisset</strong></span> <span class='ocrx_word' id='word_1_287' title='bbox 314 3397 388 3465; x_wconf 78' lang='lat' dir='ltr'><strong>dues,</strong></span> <span class='ocrx_word' id='word_1_288' title='bbox 417 3415 447 3451; x_wconf 89' lang='lat' dir='ltr'><strong>m</strong></span> <span class='ocrx_word' id='word_1_289' title='bbox 470 3414 552 3452; x_wconf 87' lang='lat' dir='ltr'><strong>usum</strong></span> <span class='ocrx_word' id='word_1_290' title='bbox 573 3399 702 3478; x_wconf 80' lang='lat' dir='ltr'><strong>nocturm</strong></span> <span class='ocrx_word' id='word_1_291' title='bbox 726 3396 840 3452; x_wconf 80' lang='lat' dir='ltr'><strong>lumrms</strong></span> <span class='ocrx_word' id='word_1_292' title='bbox 857 3399 1003 3479; x_wconf 71' lang='lat' dir='ltr'><strong>urerentur</strong></span> <span class='ocrx_word' id='word_1_293' title='bbox 1019 3399 1023 3466; x_wconf 94' lang='grc' dir='ltr'>Ι</span> <span class='ocrx_word' id='word_1_294' title='bbox 1039 3405 1070 3452; x_wconf 79' lang='lat'><strong>21</strong></span> 
     </span>
     <span class='ocr_line' id='line_1_37' title="bbox 65 3465 1071 3611; baseline 0 -89"><span class='ocrx_word' id='word_1_295' title='bbox 65 3465 351 3611; x_wconf 54' lang='lat' dir='ltr'><strong>flssmffifflwla</strong></span> <span class='ocrx_word' id='word_1_296' title='bbox 366 3473 439 3596; x_wconf 46' lang='lat' dir='ltr'><strong>pig}</strong></span> <span class='ocrx_word' id='word_1_297' title='bbox 457 3485 509 3594; x_wconf 66' lang='lat' dir='ltr'><strong>peu</strong></span> <span class='ocrx_word' id='word_1_298' title='bbox 533 3472 537 3537; x_wconf 87' lang='grc' dir='ltr'>Ι</span> <span class='ocrx_word' id='word_1_299' title='bbox 562 3467 751 3524; x_wconf 70' lang='lat' dir='ltr'><strong>assumento</strong></span> <span class='ocrx_word' id='word_1_300' title='bbox 770 3468 913 3540; x_wconf 73' lang='lat' dir='ltr'><strong>Apricolo:</strong></span> <span class='ocrx_word' id='word_1_301' title='bbox 942 3467 1071 3541; x_wconf 73' lang='lat' dir='ltr'><strong>cmculol</strong></span> 
     </span>
    </p>

    <p class='ocr_par' dir='ltr' id='par_1_5' title="bbox 105 3550 512 3609">
     <span class='ocr_line' id='line_1_38' title="bbox 105 3550 512 3609; baseline 0.002 -15"><span class='ocrx_word' id='word_1_302' title='bbox 105 3580 113 3607; x_wconf 85' lang='lat'>‚</span> <span class='ocrx_word' id='word_1_303' title='bbox 160 3550 162 3559; x_wconf 58' lang='lat'><em>¹</em></span> <span class='ocrx_word' id='word_1_304' title='bbox 218 3555 348 3609; x_wconf 77' lang='lat' dir='ltr'><strong>sperare</strong></span> <span class='ocrx_word' id='word_1_305' title='bbox 439 3555 512 3595; x_wconf 82' lang='lat' dir='ltr'><strong>oeus</strong></span> 
     </span>
    </p>
   </div>
   <div class='ocr_carea' id='block_1_4' title="bbox 804 3627 943 3683">
    <p class='ocr_par' dir='ltr' id='par_1_6' title="bbox 804 3627 943 3683">
     <span class='ocr_line' id='line_1_39' title="bbox 804 3627 943 3683; baseline -0.007 0"><span class='ocrx_word' id='word_1_306' title='bbox 804 3627 859 3683; x_wconf 75' lang='lat'><strong>22*</strong></span> <span class='ocrx_word' id='word_1_307' title='bbox 940 3634 943 3639; x_wconf 81' lang='grc'><strong>’</strong></span> 
     </span>
    </p>
   </div>
   <div class='ocr_carea' id='block_1_5' title="bbox 0 0 1214 3876">
    <p class='ocr_par' dir='ltr' id='par_1_7' title="bbox 0 0 1214 3876">
     <span class='ocr_line' id='line_1_40' title="bbox 0 0 1214 3876; baseline 0 0"><span class='ocrx_word' id='word_1_308' title='bbox 0 0 1214 3876; x_wconf 95' lang='lat' dir='ltr'><strong> </strong></span> 
     </span>
    </p>
   </div>
  </div>
 </body>
</html>
