2392 3876
278 186 327 239 xa
345 183 507 241 nxcnssn
523 183 678 241 nucusrr
694 185 767 242 xm.
786 192 899 243 er-sc.
1017 187 1083 253 263
1138 162 1142 170 ’

72 335 188 417 Paride,
208 353 296 415 quam
314 343 348 397 ut
365 353 461 416 poena
479 335 665 397 adficeretur.
692 334 815 397 Plautus
829 336 865 398 ad
883 353 1025 416 praesens
1045 339 1089 398 si-'

71 423 163 485 lentio
179 427 371 485 transmissus
385 432 438 485 est.
1066 464 1069 469 -

139 510 190 573 23.
209 511 389 574 Deferuntur
408 512 515 575 debinc
534 515 720 574 consensisse
738 513 833 575 Pallas
852 531 886 576 ac
905 512 1031 594 Burrus,
1050 522 1084 576 ut

73 601 228 662 Cornelius
243 601 323 662 Sulla
341 600 517 663 claritudine
535 604 654 681 generis
672 609 703 663 ct
720 601 870 664 adfinitate
890 601 1015 684 Claudii,
1035 605 1084 664 cui
1174 669 1177 678 ,

72 708 127 769 per
150 692 268 769 nuptias
290 690 435 751 Antoniae
458 708 550 768 gener
572 697 649 769 erat,
676 690 713 752 ad
736 691 895 770 imperium
918 698 1083 752 vocaretur.

72 782 137 840 eius
156 779 353 840 accusationis
376 786 480 840 auctor
503 781 601 840 extitit
621 778 730 841 Paetus
753 779 886 862 quidam,
910 779 1083 841 exercendis

72 868 151 946 apud
170 869 316 928 aerarium
335 866 516 928 sectionibus
540 867 670 929 famosus
693 875 723 930 et
745 876 810 930 tum
832 870 969 931 vanitatis
992 871 1111 929 mani-⁵

72 956 175 1017 festus.
214 972 269 1015 nec
287 964 347 1017 tam
366 961 448 1034 grata
467 954 607 1016 Pallantis
625 957 793 1020 innocentia
812 975 901 1037 quam
919 959 1016 1038 gravis
1034 975 1083 1019 su·

72 1043 176 1123 perbia
199 1043 267 1103 suit:
292 1045 401 1122 quippe
425 1045 583 1115 nominatis
606 1043 721 1106 hbertis
744 1047 823 1127 eius,
846 1065 921 1126 quos
947 1047 1087 1129 conscios

72 1130 205 1212 haberet,
219 1130 373 1210 respondit
386 1131 460 1192 nihil
474 1149 615 1211 umquam
628 1150 661 1193 sc
675 1133 755 1195 domi
768 1136 827 1195 nisi
840 1143 916 1196 nutu
929 1142 982 1197 aut
994 1153 1084 1196 manu

73 1222 269 1301 significasse,
287 1220 333 1280 vel
347 1222 374 1280 si
386 1219 472 1299 plura
486 1219 715 1283 demonstranda
728 1230 842 1304 essent,
860 1225 972 1302 scripto
987 1241 1083 1305 usum,

72 1329 110 1370 ne
134 1327 236 1370 vocem
260 1310 453 1370 consociaret.
489 1308 605 1370 Burrus
629 1312 762 1388 quamvis
784 1329 855 1372 reus
872 1314 952 1373 inter
969 1313 1125 1374 iudices1⁰

74 1400 250 1459 sententiam
270 1397 352 1458 dixit.
379 1388 564 1477 'exiliumque
583 1400 750 1459 accusatori
766 1400 934 1478 inrogatum
953 1407 983 1460 et
1000 1399 1083 1461 tabu·

71 1487 117 1546 lae
141 1493 262 1547 exustae
285 1493 368 1565 sunt,
397 1483 505 1565 quibus
528 1484 694 1548 oblitterata
717 1489 824 1548 aerarii
850 1488 968 1548 nomina
991 1496 1083 1549 retra-

71 1574 168 1636 hebat.

135 1661 186 1724 24.
213 1663 286 1724 Fine
309 1665 378 1723 anni
402 1665 489 1724 statio
513 1664 644 1724 cohortis
668 1662 803 1725 adsidere
824 1664 903 1725 ludis
926 1663 1011 1725 solita
1035 1665 1084 1726 de-

73 1759 218 1832 movetur,
233 1769 292 1830 quo
301 1753 396 1813 maior
406 1754 521 1831 species
536 1751 680 1814 libertatis
695 1760 783 1834 esset,
797 1761 890 1832 utque
904 1753 988 1814 miles
1003 1754 1084 1835 thea-

74 1841 142 1902 trali
164 1840 300 1902 licentiae
323 1858 384 1901 non
406 1843 572 1920 permixtus
595 1842 798 1920 incorruptior
815 1849 916 1920 ageret
934 1849 964 1903 et
980 1841 1084 1921 plebes

72 1931 157 1990 daret
170 1930 416 2010 experimentum,
430 1948 466 1990 au
482 1932 587 1990 amotis
601 1928 775 1991 custodibus
789 1929 962 1991 modestiam
973 1932 1082 1992 retine-

71 2026 127 2080 ret.
157 2018 262 2079 urbem
277 2020 417 2096 princeps
431 2016 567 2079 lustravit
580 2036 616 2078 ex
630 2035 773 2101 responso
788 2018 989 2100 haruspicum,
1003 2019 1082 2099 quod
1096 2048 1111 2090 ⁶

72 2107 149 2168 lovis
163 2125 197 2167 ac
211 2105 359 2167 Minervae
374 2105 461 2167 aedes
476 2106 512 2168 de
526 2107 608 2169 caelo
621 2114 717 2168 tactae
731 2114 824 2169 crant.

139 2192 191 2256 25.
211 2193 245 2264 Q.
256 2193 374 2256 Volusio
388 2194 420 2255 P.
434 2194 572 2274 Scipione
592 2194 764 2257 consulibus
782 2199 875 2257 otium
895 2196 979 2278 ioris,
999 2195 1083 2257 foeda

73 2283 152 2342 domi
171 2282 302 2365 lascivia,
322 2301 379 2360 qua
393 2282 470 2343 Nero
484 2285 591 2344 itinera
605 2283 689 2344 urbis
703 2291 734 2344 et
746 2284 899 2364 lupanaria
912 2291 943 2345 et
957 2283 1083 2345 deverti-

73 2371 139 2432 cula
153 2378 236 2431 veste
250 2371 350 2432 servili
363 2373 395 2432 iu
410 2371 674 2432 dissimulationem
688 2374 735 2432 sui
749 2375 931 2451 compositus
949 2390 1083 2452 pererra·

73 2460 136 2541 bat,
155 2458 364 2520 comitantibus
383 2460 436 2537 qui
453 2466 593 2536 raperent
610 2458 772 2520 venditioni
790 2462 923 2539 exposita
940 2468 970 2521 et
988 2459 1083 2521 obviis

73 2547 195 2607 vulnera
208 2547 367 2627 inferrent,
388 2545 530 2606 adversus
543 2547 662 2623 ignaros
676 2546 762 2626 adeo,
776 2554 811 2608 ut
823 2551 888 2628 ipse
902 2565 1021 2626 quoque
1035 2560 1111 2608 ex·c

74 2637 187 2713 ciperet
206 2635 284 2693 ictus
303 2641 333 2695 et
353 2651 405 2695 ore
426 2633 598 2712 praeferret.
633 2631 739 2694 deiude
759 2634 812 2695 ubi
833 2633 988 2695 Caesarem
1009 2652 1084 2718 esse,

72 2724 125 2801 qui
144 2728 343 2802 grassaretur,
365 2723 518 2800 pernotuit
534 2719 778 2801 augebanturque
796 2723 923 2785 iniuriae
941 2723 1084 2786 adversus

72 2812 152 2872 viros
171 2809 355 2889 feminasque¹
372 2811 517 2891 insignes,
536 2809 702 2889 etquidem
720 2811 865 2890 permissa
883 2812 976 2873 semel
993 2811 1083 2874 licen·

72 2902 112 2962 tia
136 2899 192 2960 sub
215 2900 335 2960 nomine
357 2897 485 2960 Neronis
507 2897 595 2960 inulti
617 2901 748 2980 propriis
771 2919 840 2962 cum
862 2899 957 2981 globis
980 2901 1083 2964 eadem
1126 2964 1129 2970 ,

71 2987 262 3070 exercebant,
282 2989 314 3049 in
333 2987 456 3050 modum
476 2989 653 3069 captivitatis
674 3006 732 3051 nox
752 2987 907 3072 agebatur3
929 2989 1082 3070 Iuliusque
1096 3003 1124 3046 ιο

70 3077 229 3139 Montanus
252 3079 393 3138 senatorii
415 3076 541 3159 ordinis,
565 3079 617 3138 sed
640 3079 692 3156 qui
714 3078 846 3140 nondum
868 3077 1011 3139 honorem
1035 3097 1082 3140 ca·

71 3168 229 3247 pessisset,
248 3181 426 3244 congressus
446 3165 522 3226 sorte
539 3183 595 3245 per
609 3165 746 3228 tenebras
760 3184 830 3228 cum
843 3168 993 3248 principe,
1013 3169 1084 3246 quia

142 3318 188 3385 tid,
207 3324 224 3373 2
243 3315 290 3372 cui
307 3317 471 3372 Rumam
490 3316 559 3388 quil
576 3323 608 3372 11
628 3315 818 3388 auxiliumque
833 3320 839 3389 Ι
856 3324 889 3375 12
907 3318 1023 3374 nomina
1037 3319 1082 3376 Jo.

72 3386 123 3442 Fr.
144 3386 312 3444 Groeooisesr
339 3386 512 3442 monimenta
535 3390 541 3460 Ι
564 3387 747 3444 retrahebant
770 3392 776 3459 Ι
800 3387 846 3457 24,
867 3395 881 3444 1
900 3387 955 3446 fine
974 3388 1056 3444 annis
1075 3388 1080 3463 Ι

72 3462 88 3512 o
107 3457 154 3530 ex]
172 3460 202 3514 et
216 3461 221 3530 1
237 3457 282 3525 25,
302 3463 319 3512 4
337 3456 501 3514 uenditions
520 3456 569 3527 (ad
585 3458 691 3516 vendit.
710 3460 758 3528 cl.)
775 3462 779 3529 Ι
797 3465 830 3515 10
848 3456 880 3514 iu
896 3460 958 3519 Jcc.
977 3459 1083 3518 Grono-
1165 3504 1169 3512 .

70 3529 144 3584 vius:
163 3527 202 3582 ·'.l¹·
219 3532 223 3598 Ι
239 3528 388 3599 Iuliusque,
408 3546 456 3586 cm.
477 3528 582 3600 Orelli!
600 3535 632 3587 12
651 3529 795 3602 congressi
