2392 3876
271 156 320 210 AB
338 154 501 212 Excusso
518 154 674 212 AUGUSTI
691 157 738 212 111.
759 164 871 214 rs-es.
1041 158 1084 222 95
1178 115 1181 122 Ι

138 302 189 366 21.
212 303 294 376 Quae
312 313 470 384 postquam
487 304 520 365 L.
539 305 671 384 Apronio
686 298 773 389 (nam
792 305 912 367 Camillo
932 323 1083 367 successe·

71 390 132 475 rat)
152 402 315 475 comperta,
337 396 431 472 magis
455 394 600 454 dedecore
625 413 748 455 suorum
772 413 859 474 quam
878 395 970 473 gloria
989 394 1084 457 hostis

72 485 190 564 anxius,
209 502 277 544 raro
296 500 330 543 ea
349 489 525 561 tempestate
540 490 570 543 et
584 501 600 544 e
615 490 715 543 vetere
729 484 871 544 memoria
885 485 1016 544 facinore
1035 485 1083 545 de·

72 591 192 633 cumum
216 590 363 651 quemque
380 565 599 650 ignominiosae
622 571 754 633 cohortis
777 578 857 633 sorte
881 571 987 633 ddetds
1013 559 1089 633 fuisti

71 668 165 722 necat.
189 668 365 739 tantumque
376 662 533 720 severitate
543 661 720 741 profectum,
735 668 769 721 ut
783 660 922 722 vexillum
932 669 1111 722 veterano-s

71 768 147 830 rum,
161 767 221 810 non
236 749 362 828 amphus
377 765 465 828 quam
479 750 634 828 quingenti
643 767 777 830 numero,
792 749 909 810 easdem
919 749 1085 811 Tacfarina-

72 841 111 898 tis
130 840 231 917 copias
249 837 444 917 praesidium,
464 840 513 898 cui
526 837 616 898 Thala
635 855 751 918 nomen,
771 837 926 917 adgressas
945 838 1085 899 fuderint.

72 945 130 1004 qno
145 925 258 1004 proelio
272 926 368 986 Rufus
381 924 502 986 Helvius
516 929 670 1005 gregarius
683 925 768 987 miles
783 929 891 987 serrati
906 927 979 987 civis
993 927 1085 987 decus

72 1014 189 1074 rettulit
208 1014 394 1094 donatusque
413 1023 459 1075 est
476 1013 513 1075 ab
528 1016 658 1094 Apronio
678 1014 837 1094 torquibus
852 1023 882 1076 et
895 1014 987 1076 hasta.
1015 1014 1085 1076 (lae-

73 1121 121 1164 sar
140 1103 252 1165 addidit
270 1105 392 1165 civicam
411 1121 563 1184 coronam,
585 1104 665 1183 quod
685 1122 745 1164 non
766 1122 831 1164 eam
852 1122 971 1183 quoque
992 1104 1085 1182 Apro·
1099 1120 1125 1160 ro

71 1194 140 1253 nius
159 1194 224 1252 iure
243 1192 432 1271 proconsulis
450 1192 615 1271 tribuisset,
634 1200 757 1272 questus
776 1194 869 1271 magis
889 1211 977 1271 quam
996 1193 1085 1253 offen·

72 1299 132 1341 sus.
165 1281 217 1342 sed
237 1281 408 1342 Tacfarinas
425 1280 573 1359 perculsis
591 1281 727 1341 Numidis
747 1288 778 1341 et
795 1279 909 1341 obsidia
928 1298 1085 1359 aspernan-

73 1369 153 1429 tibus
164 1371 277 1447 spargit
285 1369 405 1449 bellum,
419 1369 472 1428 ubi
482 1371 652 1448 instaretur,
668 1369 777 1429 cedens
787 1387 821 1429 ac
831 1387 952 1430 rursum
962 1372 993 1429 in
1003 1376 1087 1448 terga

74 1474 218 1517 remeans.
246 1463 277 1516 et
295 1456 367 1516 dum
385 1475 419 1517 ea
437 1459 513 1516 ratio
532 1455 658 1517 barbaro
677 1456 746 1536 fuit,
772 1458 896 1517 inritum
915 1457 1086 1535 fessumque

73 1545 238 1604 Romanum
253 1546 374 1623 impune
388 1544 607 1606 ludificabatur:
621 1552 778 1624 postquam
792 1543 912 1605 deflexit
925 1545 962 1605 ad
976 1547 1086 1605 mariti·
1101 1559 1127 1600 15

73 1651 138 1693 mos
149 1632 230 1693 locos
240 1641 270 1694 et
279 1633 419 1711 inligatus
427 1633 536 1711 praeda
547 1635 662 1695 stativis
673 1635 779 1694 castris
793 1631 979 1715 adhaerebat,
993 1635 1087 1694 missu

72 1725 167 1801 patris
181 1721 330 1800 Apronius
346 1721 505 1783 Caesianus
524 1741 593 1783 cum
612 1725 712 1802 equite
731 1730 762 1783 et
780 1720 954 1783 cohortibus
968 1721 1087 1783 auxilia·

72 1814 139 1889 riis,
155 1813 222 1889 quis
237 1811 438 1871 velocissimos
453 1810 603 1888 legionum
618 1811 783 1891 addiderat,
797 1828 971 1890 prosperam
985 1810 1087 1871 adver·

73 1917 140 1960 sum
154 1898 297 1959 Numidas
310 1916 440 1978 pugnam
455 1899 525 1960 facit
538 1899 680 1979 pellitque
695 1902 725 1960 in
741 1899 867 1961 deserta.

139 1984 191 2048 22.
219 1987 257 2048 At
275 1987 384 2048 Rornae
403 1987 526 2068 Lepida,
549 1990 600 2049 cui
623 2006 714 2067 super
732 1987 924 2050 Aemiliorum
943 1987 1036 2049 decors
1053 1985 1085 2048 L.

73 2075 155 2136 Sulla
179 2084 210 2136 et
234 2076 286 2137 Cn.
309 2076 469 2156 Pompeius
491 2079 593 2156 proavi
619 2085 716 2158 erant,
742 2076 876 2138 defertur
901 2076 1086 2137 simulavisse

72 2172 191 2242 partum
206 2182 242 2224 ex
256 2165 288 2225 P.
302 2161 438 2234 Quirinio
457 2164 548 2227 divite
566 2173 654 2245 atque
673 2165 755 2226 orbo.
783 2164 987 2228 adiciebantur
1006 2164 1086 2225 adul·

73 2255 162 2333 teria,
185 2270 297 2314 venena
321 2256 547 2334 quaesitumque
570 2272 625 2334 per
644 2253 805 2316 Chaldaeos
827 2256 859 2316 in
878 2254 998 2315 domum
1017 2253 1086 2315 Cae·

73 2343 163 2423 saris,
181 2341 357 2403 defendente
376 2361 457 2404 ream
471 2342 568 2404 llanio
582 2343 695 2421 Lepido
713 2343 813 2403 fratre.
845 2341 1000 2413 Quirinius
1018 2348 1113 2420 posto

74 2431 187 2491 dictum
201 2430 359 2510 repudium
373 2431 469 2493 adbuc
487 2432 622 2492 infensus
642 2433 775 2511 quamvis
793 2431 896 2498 infami
914 2448 948 2490 ac
966 2432 1087 2491 nocenti

73 2521 294 2581 miserationem
317 2519 477 2582 addiderat.
514 2519 593 2580 haud
618 2519 702 2580 facile
720 2521 788 2599 quis
807 2519 970 2596 dispexerit
987 2517 1037 2577 illa
1056 2520 1086 2578 in

74 2610 243 2685 cognitione
262 2615 391 2668 mentem
410 2608 567 2686 principis:
586 2607 659 2668 adeo
677 2610 768 2670 vertit
786 2624 820 2668 ac
838 2607 959 2667 miscuit
977 2607 1038 2666 irae
1057 2613 1088 2666 et

74 2696 248 2756 clementiae
268 2696 358 2773 signa.
391 2696 568 2774 deprecatus
586 2698 682 2775 primo
701 2703 850 2776 senatum,
868 2713 906 2756 ne
924 2696 1086 2756 maiestatis

75 2783 200 2843 crimina
214 2789 425 2863 tractarentur,
439 2801 508 2844 mox
522 2783 561 2845 M.
576 2783 733 2845 Servilium
748 2804 765 2845 e
779 2782 987 2845 consularibus
1001 2783 1085 2844 alios·
1101 2799 1126 2838 10

74 2889 133 2951 que
152 2878 244 2932 testes
262 2870 367 2931 inlexit
385 2871 420 2932 ad
439 2872 617 2951 proferenda
633 2890 708 2951 quae
722 2872 803 2932 velut
816 2873 930 2934 reicere
945 2872 1086 2934 voluerat.

73 2960 213 3038 idemque
232 2978 334 3021 servos
353 2959 494 3043 Lepidae,
519 2980 586 3023 cum
605 2961 726 3023 militari
744 2961 878 3023 custodia
896 2960 1086 3041 haberentur,

72 3049 227 3110 transtulit
241 3049 277 3110 ad
292 3049 429 3111 consules
444 3068 541 3130 neque
555 3069 610 3130 per
624 3058 771 3112 tormenta
789 3053 967 3129 interrogari
981 3065 1087 3128 passus

73 3146 120 3200 est
139 3138 176 3200 de
194 3139 245 3219 iis,
264 3157 339 3218 quae
358 3139 394 3199 ad
414 3139 534 3200 domum
553 3157 636 3201 suam
653 3141 847 3220 pertinerent.
875 3139 985 3200 exemit
998 3139 1087 3198 etiam

145 3291 191 3360 21,
210 3299 225 3347 6
245 3308 329 3360 quam
348 3292 499 3363 quingenti
517 3293 718 3349 Weissenborn:
738 3290 911 3361 quam'genti
929 3288 1077 3360 (quingent

72 3362 132 3418 sine
146 3379 232 3432 quem
244 3363 410 3434 Beroaldus)
427 3369 431 3435 1
449 3370 482 3419 16
497 3365 527 3418 et
540 3365 603 3420 odd.
619 3363 723 3429 Haase,
740 3362 934 3432 inligatusque
950 3359 1084 3431 Piclrcoal

72 3426 119 3501 22,
132 3439 164 3488 11
174 3433 293 3490 reicere:
301 3433 414 3490 reticeri
424 3435 578 3502 Acidalt'ns,
588 3433 698 3489 nescire
706 3434 867 3503 Nipperdey
871 3453 882 3499 ,·
896 3433 931 3497 cf.
940 3430 1088 3487 Petersenii

71 3505 139 3561 adn.
159 3506 197 3562 acl
217 3505 281 3561 Tac.
300 3505 341 3560 Π
350 3522 381 3577 p.
400 3510 440 3564 25
459 3508 551 3576 (niam
569 3508 600 3562 fn
618 3507 658 3562 ed.
678 3505 797 3574 Ruperti
815 3507 842 3572 3,
861 3504 926 3573 651)
