2392 3876
104 161 170 225 200
454 158 624 214 CORNELII
641 159 760 215 TAClTI

105 309 185 370 tibus
200 308 277 369 foliis
292 311 384 371 visam
398 318 486 388 atque
502 311 543 370 ita
557 310 785 387 interpretatum
799 309 962 389 tradidere,
977 319 1123 390 vergente

105 406 246 459 autumno
257 406 382 459 mortem
392 399 536 477 principis
547 399 671 459 ostendi.
690 397 762 458 illud
775 397 853 459 baud
863 398 1033 480 ambigitur,
1049 417 1123 478 qua·

66 501 93 540 10
107 487 256 567 licumque
271 488 418 548 insomnio
432 489 490 565 ipsi
504 487 647 565 fratrique
665 488 828 564 pernicicm
847 486 981 547 adlatam.
1009 495 1122 548 sester-

107 578 182 636 tium
197 576 390 654 quindeciens
404 583 434 636 et
447 577 574 653 insignia
587 582 744 653 praeturae
759 574 895 653 Crispino
910 575 1039 637 decreta.
1070 576 1122 637 ad·

106 667 177 725 iecit
190 663 325 725 Vitellius
344 666 514 725 sestertium
534 663 652 724 deciens
672 662 801 744 Sosibio,
819 664 898 742 quod
913 662 1121 726 Britannicum

106 755 286 832 praeceptis,
306 751 460 813 Claudium
483 751 614 812 consiliis
637 754 759 813 iuvaret.
796 759 917 829 rogatus
940 756 1120 815 sententiam

107 851 137 902 et
152 842 264 921 Scipio,
284 835 364 901 ‘cum
382 834 473 900 idem'
492 841 589 919 inquit
608 836 655 900 ‘de
675 839 811 901 admissis
825 840 977 921 Poppaeae
992 844 1120 903 sentiam

67 945 92 983 15
108 930 186 1009 quod
206 946 320 1008 omnes,
339 935 440 1006 putate
459 946 506 988 me
524 927 603 989 idem
622 927 721 988 dicere
741 928 820 1006 quod
839 924 966 1006 omnes,'
990 929 1120 1008 eleganti

106 1023 338 1095 temperamento
360 1017 438 1076 inter
459 1015 643 1094 coniugalem
665 1035 795 1078 amorem
815 1026 845 1078 et
869 1019 1047 1078 senatoriam
1068 1035 1120 1079 ue·

107 1107 284 1167 cessitatem.

172 1191 202 1254 5.
217 1192 381 1253 Continuus
395 1193 464 1254 inde
480 1201 509 1253 et
524 1211 628 1254 saevus
643 1193 817 1254 accusandis
831 1195 892 1254 reis
907 1193 1029 1255 Suillius
1043 1195 1120 1256 mul·

106 1285 188 1362 tique
207 1281 345 1343 audaciae
365 1283 429 1342 eius
448 1281 568 1362 aemuli3
586 1298 654 1342 nam
674 1290 782 1343 cuncta
798 1281 898 1361 legum
916 1290 946 1342 et
964 1285 1120 1360 magistra·

106 1380 191 1433 tuum
209 1372 310 1430 munia
328 1371 360 1430 in
379 1389 410 1430 se
429 1369 550 1431 trahens
568 1371 708 1448 princeps
726 1371 879 1431 materiam
893 1370 1056 1449 praedandi
1069 1389 1119 1450 pa·

106 1461 256 1522 telecerat.
294 1477 349 1520 nec
373 1461 531 1538 quicquam
553 1457 688 1536 publicae
716 1461 825 1520 mercis
852 1469 912 1519 tam
935 1459 1037 1520 venale
1061 1461 1121 1522 luit

80 1562 196 1629 aquam
215 1548 424 1609 advocatorum
442 1547 580 1627 perfidia,
599 1546 671 1608 adeo
686 1554 720 1607 ut
735 1546 871 1628 Samius,
881 1549 1006 1626 insignis
1024 1566 1122 1627 eques

106 1638 269 1718 Romanus,
289 1637 512 1716 quadringentis
530 1653 720 1710 nummorum
739 1635 859 1696 milibus
874 1635 977 1697 Suillio
996 1635 1074 1698 detis
1088 1645 1122 1698 et

107 1730 224 1805 cognita
239 1727 489 1804 praevaricatione
504 1725 582 1785 ferro
597 1727 628 1785 in
643 1723 729 1785 domo
745 1726 809 1785 eius
823 1723 1002 1786 incubuerit.
1025 1727 1122 1804 igitur

107 1817 267 1894 incipiente
289 1812 319 1874 C.
342 1811 413 1873 Silio
435 1812 556 1873 consule
577 1812 743 1893 designato,
766 1815 852 1874 cuius
875 1812 912 1873 de
935 1817 1068 1893 potentia
1088 1822 1121 1876 et

107 1906 196 1964 exitio
221 1906 252 1962 in
273 1909 407 1979 tempore
427 1899 609 1981 memorabo,
633 1909 817 1979 consurgunt
839 1909 939 1981 patres
962 1901 1117 1982 legemque

68 2006 92 2044 10
108 1991 240 2052 Cinciam
254 1989 398 2069 flagitant,
413 2007 470 2068 qna
485 1997 606 2050 caretur
620 1991 797 2070 antiquitus,
811 2008 849 2051 ne
864 1991 931 2070 quis
945 1989 984 2050 ob
998 2009 1119 2052 causam

108 2079 248 2138 orandam
262 2079 419 2155 pecuniam
434 2077 580 2137 donumve
594 2079 726 2156 accipiat.
1184 2083 1187 2089 ’

174 2164 202 2227 6.
222 2165 332 2225 Deinde
348 2164 589 2244 obstrepentibus
603 2167 654 2244 iis,
668 2166 777 2244 quibus
791 2185 825 2226 ea
839 2166 1018 2228 contumelia
1033 2186 1120 2247 para·

107 2255 206 2334 batur,
225 2254 339 2313 discors
355 2252 458 2314 Suillio
474 2252 563 2314 Silius
583 2255 692 2314 acriter
705 2254 854 2336 incubuit,
873 2262 1008 2317 veterum
1022 2265 1118 2319 orate·

107 2361 174 2403 rum
193 2341 326 2420 exempla
345 2342 491 2423 referens,
513 2344 563 2421 qui
582 2343 688 2403 famam
707 2352 737 2403 et
755 2351 891 2422 posteros
910 2346 1041 2423 praemia
1058 2344 1118 2406 elo·

108 2434 245 2511 quentiae
267 2433 483 2509 cogitavissent.
520 2429 750 2510 pulcherrimam
770 2431 901 2511 alioquin
921 2440 952 2493 et
971 2431 1118 2494 bonarum

80 2532 93 2573 t
108 2523 217 2581 artium
230 2521 396 2600 principem
411 2519 537 2580 sordidis
556 2521 729 2581 ministeriis
747 2519 873 2602 foedari;
890 2538 927 2581 ne
946 2520 1035 2582 fidem
1055 2523 1120 2601 qui·

108 2610 175 2670 dem
194 2612 340 2688 integram
358 2624 490 2690 manere,
510 2607 562 2669 ubi
578 2608 750 2687 magnitudo
765 2615 942 2688 quaestuum
956 2616 1118 2687 spectetur.

108 2699 213 2776 quodsi
231 2701 262 2758 in
281 2696 391 2758 nullius
409 2697 576 2759 mercedem
595 2699 712 2776 negotia
731 2705 867 2776 agantur,
885 2699 1025 2777 pauciora
1039 2698 1120 2760 iore:

107 2803 187 2845 nunc
201 2787 384 2866 inimicitias,
399 2787 615 2867 accusationes,
629 2785 695 2846 odia
709 2792 740 2846 et
752 2787 875 2847 iniurias
890 2785 996 2866 foveri,
1010 2794 1044 2848 ut
1059 2805 1120 2865 quo

108 2873 195 2951 modo
204 2873 428 2934 vismorbcrum
437 2876 532 2953 pretia
540 2873 736 2953 medentibus,
748 2875 791 2935 sic
802 2874 859 2934 lori
867 2873 951 2935 tabes
960 2876 1119 2952 pecuniam

68 2974 94 3013 1⁰
108 2960 256 3022 advocatis
276 2959 358 3020 ierat.
394 2964 598 3023 meminissent
617 2960 647 3021 C.
666 2961 773 3042 Asinii,
796 2961 833 3023 M.
847 2961 999 3023 Messallae
1018 2980 1052 3023 ac
1071 2981 1119 3023 re·

180 3148 206 3216 4,
226 3155 259 3203 12
278 3145 419 3204 uitellium
435 3149 439 3215 Ι
456 3153 490 3202 14
507 3165 600 3218 poppe
619 3149 862 3217 assenessentiam‚
879 3166 926 3206 em.
948 3150 1122 3206 Puteolanus

111 3220 158 3291 lb,
174 3226 190 3275 b
208 3219 238 3273 Τ.
258 3216 369 3273 Samius
387 3218 478 3273 Ritter
493 3222 530 3288 18
550 3220 646 3276 eiom.
663 3221 710 3287 16,
731 3226 744 3274 1
765 3218 991 3289 obstrepentibus
1011 3219 1036 3273 si
1054 3218 1115 3290 hisl

108 3289 341 3359 dpulchern'ma,
369 3306 417 3346 em.
436 3289 595 3360 Nipperdey
619 3293 624 3360 Ι
650 3297 665 3345 t
691 3289 806 3360 negotia
833 3292 954 3359 agentur
971 3290 1119 3347 Bessicae

107 3360 257 3431 negotient
275 3378 335 3417 cum
352 3377 453 3416 rasura
467 3367 531 3429 post
548 3361 599 3415 ant
617 3361 663 3433 [ec
680 3361 890 3430 negotianturt]
909 3361 1036 3431 (negotia
1053 3361 1121 3416 eant

108 3432 153 3486 Jo.
173 3432 224 3487 Fr.
246 3431 413 3502 Gronovius,
431 3447 494 3500 neg.
513 3429 584 3486 fiant
600 3432 806 3500 Bezzenberper)
823 3435 827 3492 Ι
845 3435 878 3485 10
903 3431 960 3484 rel'
988 3435 1032 3484 tce
1046 3430 1120 3500 gaii,

108 3503 158 3557 del.
183 3503 316 3572 Waltber)
333 3504 337 3574 Ι
353 3501 390 3558 Μ.
409 3503 473 3558 add.
493 3502 622 3558 Heinsio*
