2392 3876
125 175 192 241 322
477 171 782 226 conumurscm

125 323 302 403 nequibant,
325 330 466 401 corrupto
490 324 542 401 qui
564 330 669 401 captus
692 330 758 382 erat
774 332 941 384 commeatu
959 331 990 383 et
1007 325 1142 387 instante

127 417 184 474 iam
198 413 309 491 hieme,
327 412 446 472 reduxit
460 414 624 471 exercitum
637 414 854 490 conposuitque
869 412 906 472 ad
918 411 1081 473 Caesarem
1095 414 1142 475 lit-

87 524 112 560 ro
128 512 206 563 teras
224 504 310 582 quasi
327 501 463 561 conlecto
481 499 572 577 bebo,
589 499 690 559 serbis
708 501 886 580 magnificis,
904 519 1006 561 rerum
1021 520 1142 564 vacuas.

192 587 222 652 9.
236 590 358 650 Interim
372 588 500 650 Corbulo
514 606 677 666 numquam
690 588 854 667 neglectam
866 589 1031 668 Euphratis
1042 592 1143 669 ripam

125 679 330 741 crebrioribus
347 677 504 757 praesidiis
517 677 640 756 insedit3
659 685 690 737 et
702 695 741 737 ne
753 680 839 758 ponti
850 678 1001 738 iniciendo
1015 681 1141 758 impedi-

126 777 260 830 mentum
272 766 395 828 hostiles
408 773 525 825 turmae
537 765 690 826 adferrent
699 760 771 846 (iam
781 769 862 826 enim
871 765 1016 827 subiectis
1024 771 1142 848 campis

126 875 231 937 magna
249 858 349 935 specie
366 847 554 935 volitabant),
576 872 666 914 naves
682 855 886 933 magnitudine
904 863 1093 934 praestantes
1111 867 1142 918 et

79 992 81 996 .
99 966 111 1003 s
126 963 254 1007 conexas
271 942 406 1004 trabibus
420 961 454 1003 ac
468 943 603 1003 turribus
621 951 722 1005 auctas
736 946 796 1022 agit
809 963 865 1022 per
877 961 994 1005 amnem
1008 946 1141 1024 catapul-

126 1037 224 1112 tisque
242 1041 273 1093 et
291 1031 405 1092 balistis
423 1031 582 1111 proturbat
598 1031 754 1112 barbaros,
771 1035 804 1092 in
818 1051 894 1112 quos
908 1051 977 1094 sara
991 1041 1023 1093 et
1035 1033 1139 1095 hastae

126 1122 243 1200 longius
260 1119 464 1202 permeabant,
483 1139 572 1200 quam
590 1128 624 1182 ut
642 1122 793 1183 contrario
806 1124 980 1200 sagittarum
994 1123 1078 1184 iactu
1092 1124 1140 1184 ad·

126 1218 333 1289 aequarentur.
370 1209 440 1270 dein
461 1228 538 1289 pons
561 1212 751 1270 continuatus
773 1208 925 1290 collesque
948 1211 1067 1272 adversi
1085 1231 1140 1291 per

126 1301 223 1360 socias
240 1299 392 1378 cobortes,
410 1308 478 1378 post
491 1299 641 1377 legionum
654 1301 761 1359 castris
774 1307 973 1379 occupantur,
990 1307 1074 1361 tauta
1093 1320 1139 1362 ee

88 1409 112 1447 ιο
126 1388 243 1449 leritate
257 1395 288 1449 et
301 1391 498 1449 ostentatione
512 1391 633 1466 virium,
651 1396 686 1448 ut
699 1386 801 1448 Parthi
814 1391 923 1448 omisso
937 1397 1043 1467 paratu
1057 1391 1139 1450 inva-

127 1477 240 1538 dendae
254 1476 359 1538 Suriae
373 1495 457 1555 spem
471 1495 588 1537 omnem
602 1479 633 1536 in
646 1476 814 1537 Armeniam
828 1485 987 1556 verterent,
1001 1477 1056 1537 ubi
1069 1477 1140 1539 Pae·

127 1577 177 1628 tus
190 1568 407 1626 imminentium
421 1568 541 1627 nescius
559 1567 693 1644 quintam
710 1565 857 1644 legionem
874 1564 979 1645 procul
996 1568 1028 1626 iu
1043 1566 1140 1628 Ponto

127 1654 262 1735 habebat,
269 1654 398 1733 reliquas
405 1656 562 1733 promiscis
571 1653 697 1715 militum
707 1653 920 1715 commeatibus
928 1655 1141 1736 infirmaverat,

127 1744 222 1805 donec
235 1741 393 1804 adventare
403 1741 566 1821 Vologesen
580 1760 685 1820 magno
700 1751 731 1802 et
744 1743 860 1803 infenso
869 1745 986 1822 agmine
995 1743 1140 1804 auditum.

196 1829 245 1893 10.
264 1831 385 1893 Accitur
399 1830 475 1911 legio
490 1831 687 1909 duodecuma,
702 1839 733 1892 et
744 1832 824 1892 unde
839 1832 946 1892 lamam
959 1834 1040 1893 aucti
1054 1851 1140 1893 erer-

81 1902 92 1920 ⁰
127 1925 206 1982 citus
229 1928 411 1999 speraverat,
438 1920 555 1999 prodita
577 1919 788 2002 infrequentia,
812 1938 869 2000 qua
892 1929 991 1981 tamen
1014 1922 1141 1982 retineri

128 2018 226 2071 eastra
243 2017 274 2070 et
292 2009 373 2070 eludi
386 2008 513 2068 Parthus
531 2017 629 2068 tractu
647 2007 718 2068 belli
735 2017 864 2089 poterat,
883 2011 910 2070 si
927 2009 1018 2070 Paeto
1037 2019 1088 2070 aut
1107 2014 1139 2071 in

128 2101 192 2159 suis
209 2105 261 2157 aut
278 2099 310 2157 in
328 2096 432 2157 alienis
450 2096 581 2156 consiliis
599 2100 765 2158 constantia
787 2098 906 2159 luisset:
929 2116 1033 2158 verum
1051 2098 1105 2160 ubi
1123 2118 1140 2159 a

101 2204 113 2243 a
128 2188 200 2246 viris
214 2184 391 2245 militaribus
401 2184 544 2245 adversus
558 2192 721 2262 urguentes
735 2204 822 2247 casus
836 2188 970 2248 firmatus
985 2195 1058 2267 erat,
1072 2206 1138 2248 rur-

129 2292 193 2354 sus,
212 2290 250 2334 ue
269 2273 380 2334 alienae
399 2275 564 2334 sententiae
582 2273 719 2352 indigens
737 2274 900 2356 videretur,
920 2278 952 2337 in
970 2275 1087 2336 diversa
1105 2295 1138 2336 ac

128 2365 275 2425 deteriora
294 2362 446 2424 transibat.
475 2368 506 2424 et
522 2369 595 2423 tunc
613 2362 727 2424 relictis
744 2363 877 2425 hibernis
892 2383 952 2424 nou
966 2365 1075 2426 lossam
1089 2383 1138 2425 ne·

129 2472 187 2534 que
205 2452 314 2514 vallum
332 2452 402 2533 sibi,
423 2450 476 2513 sed
495 2469 620 2531 corpora
638 2459 669 2513 et
687 2470 768 2513 arma
781 2454 813 2512 in
828 2453 944 2514 hostem
958 2453 1025 2515 data
1040 2453 1138 2515 clami·

130 2553 208 2624 tans,
227 2543 312 2604 duxit
329 2542 461 2621 legiones
480 2543 565 2621 quasi
578 2539 691 2621 proelio
704 2548 882 2602 certaturus,
909 2541 1016 2602 deinde
1031 2545 1139 2603 amisso

90 2651 115 2688 ιο
130 2636 303 2694 centurione
318 2640 349 2692 et
361 2634 465 2712 paucis
478 2629 636 2710 militibus,
656 2648 731 2709 quos
749 2631 881 2692 visendis
898 2630 1030 2692 bostium
1044 2633 1139 2712 copiis

131 2723 335 2802 praemiserat,
354 2720 489 2801 trepidus
507 2719 658 2780 remearit.
686 2727 716 2779 et
734 2721 802 2798 quia
816 2721 916 2780 minus
930 2721 1039 2781 acriter
1054 2719 1138 2781 Volo-

130 2827 215 2887 geses
233 2812 394 2888 institerat,
412 2828 486 2870 vana
503 2825 609 2869 uorsus
622 2807 731 2868 fiducia
744 2810 802 2868 tria
815 2807 895 2869 milia
908 2807 1017 2870 delecti
1030 2810 1140 2888 peditis

130 2899 264 2976 proximo
278 2897 370 2958 Tauri
387 2900 457 2977 iugo
475 2898 629 2977 imposuit,
649 2914 708 2975 quo
722 2899 881 2957 transitum
895 2899 975 2975 regis
990 2905 1140 2977 arcereut3

131 2987 225 3048 alares
244 3003 362 3066 quoque
381 2986 561 3065 Pannonios,
584 2984 678 3045 robur
701 2987 864 3066 equitatus,
886 2987 918 3046 iu
941 2993 1025 3063 parte
1044 2989 1141 3066 campi

91 3094 116 3132 15
131 3077 215 3138 locat.
243 3076 371 3137 coniunx
391 3093 425 3135 ac
443 3074 523 3134 tilius
541 3071 674 3153 castello,
693 3076 742 3134 cui
755 3074 941 3135 Arsamosata
960 3093 1069 3136 nomen
1088 3082 1141 3151 est,

50 3172 59 3185 '
131 3166 236 3246 abditi,
255 3164 322 3225 data
341 3165 371 3223 iu
390 3163 571 3242 praesidium
585 3161 708 3223 cohorte
723 3180 757 3223 ae
771 3162 905 3243 disperso
919 3162 1025 3244 milite,
1045 3166 1141 3243 quiin

204 3315 601 3388 8‚10magnificasLipeius
625 3319 630 3385 Ι
654 3317 681 3384 9,
702 3323 717 3371 6
736 3333 806 3384 quos
826 3317 1007 3372 Puteolanus:
1033 3331 1088 3383 quo
1105 3319 1141 3385 17

131 3389 334 3462 permanebant
348 3395 353 3462 Ι
370 3390 415 3456 1⁰,
431 3394 446 3442 1
461 3386 537 3442 fama
551 3385 638 3456 (fama
653 3429 660 3441 .
675 3431 681 3442 ,
697 3389 810 3456 sperata
823 3388 886 3441 erat
898 3385 959 3441 Joe.
976 3384 1142 3452 Gronovius)

134 3468 137 3529 Ι
156 3467 188 3516 12
202 3460 322 3530 pedites,
340 3477 387 3516 ero.
409 3459 529 3515 Picheuo
544 3459 548 3528 Ι
566 3465 598 3513 13
613 3458 682 3530 quo]
699 3457 748 3526 qui
761 3458 805 3513 Jo.
821 3456 872 3512 Fr.
889 3455 1052 3526 Gronovius,
1071 3472 1142 3526 quae

132 3532 259 3588 Muretus
275 3533 280 3601 Ι
298 3537 329 3587 15
349 3529 499 3585 Armosata
516 3529 603 3600 Rpclc,
621 3535 651 3584 ot
667 3545 684 3564 ⁴·
719 3529 780 3568 ΡΨ
814 3527 842 3568 V
876 3526 901 3568 W
927 3526 980 3595 VI,
999 3533 1026 3596 9,
1045 3531 1084 3584 26
