<?xml version="1.0" encoding="UTF-8"?>
<!DOCTYPE html PUBLIC "-//W3C//DTD XHTML 1.0 Transitional//EN"
    "http://www.w3.org/TR/xhtml1/DTD/xhtml1-transitional.dtd">
<html xmlns="http://www.w3.org/1999/xhtml" xml:lang="en" lang="en">
 <head>
  <title>
</title>
<meta http-equiv="Content-Type" content="text/html;charset=utf-8" />
  <meta name='ocr-system' content='tesseract 3.04.00' />
  <meta name='ocr-capabilities' content='ocr_page ocr_carea ocr_par ocr_line ocrx_word'/>
</head>
<body>
  <div class='ocr_page' id='page_1' title='image "./libriquisupersu00halmgoog_0319.png"; bbox 0 0 2392 3876; ppageno 0'>
   <div class='ocr_carea' id='block_1_1' title="bbox 131 177 794 250">
    <p class='ocr_par' dir='ltr' id='par_1_1' title="bbox 131 177 794 250">
     <span class='ocr_line' id='line_1_1' title="bbox 131 177 794 250; baseline -0.026 0"><span class='ocrx_word' id='word_1_1' title='bbox 131 183 196 250; x_wconf 88' lang='grc'><strong>308</strong></span> <span class='ocrx_word' id='word_1_2' title='bbox 480 179 655 236; x_wconf 79' lang='lat' dir='ltr'>CORNELII</span> <span class='ocrx_word' id='word_1_3' title='bbox 673 177 794 234; x_wconf 77' lang='grc' dir='ltr'><strong>ΤΑΟΙΤΙ</strong></span> 
     </span>
    </p>
   </div>
   <div class='ocr_carea' id='block_1_2' title="bbox 90 326 1146 3069">
    <p class='ocr_par' dir='ltr' id='par_1_2' title="bbox 130 326 1143 409">
     <span class='ocr_line' id='line_1_2' title="bbox 130 326 1143 409; baseline -0.003 -15"><span class='ocrx_word' id='word_1_4' title='bbox 130 336 222 394; x_wconf 91' lang='lat' dir='ltr'><strong>simus</strong></span> <span class='ocrx_word' id='word_1_5' title='bbox 240 331 296 391; x_wconf 91' lang='lat' dir='ltr'><strong>luit</strong></span> <span class='ocrx_word' id='word_1_6' title='bbox 314 330 346 390; x_wconf 89' lang='grc' dir='ltr'><strong>Α.</strong></span> <span class='ocrx_word' id='word_1_7' title='bbox 364 328 511 409; x_wconf 78' lang='lat' dir='ltr'>Vitellius,</span> <span class='ocrx_word' id='word_1_8' title='bbox 535 329 678 407; x_wconf 92' lang='lat' dir='ltr'><strong>optimum</strong></span> <span class='ocrx_word' id='word_1_9' title='bbox 701 345 849 407; x_wconf 85' lang='lat' dir='ltr'><strong>quemque</strong></span> <span class='ocrx_word' id='word_1_10' title='bbox 872 329 971 408; x_wconf 79' lang='lat' dir='ltr'><strong>iurgio</strong></span> <span class='ocrx_word' id='word_1_11' title='bbox 989 326 1143 391; x_wconf 81' lang='lat' dir='ltr'><strong>lacessens</strong></span> 
     </span>
    </p>

    <p class='ocr_par' dir='ltr' id='par_1_3' title="bbox 103 415 1144 856">
     <span class='ocr_line' id='line_1_3' title="bbox 103 415 1144 499; baseline 0.003 -22"><span class='ocrx_word' id='word_1_12' title='bbox 103 429 160 484; x_wconf 80' lang='lat' dir='ltr'><strong>set</strong></span> <span class='ocrx_word' id='word_1_13' title='bbox 173 418 365 499; x_wconf 78' lang='lat' dir='ltr'><strong>respondenti</strong></span> <span class='ocrx_word' id='word_1_14' title='bbox 379 420 516 498; x_wconf 90' lang='lat' dir='ltr'><strong>reticens,</strong></span> <span class='ocrx_word' id='word_1_15' title='bbox 531 424 565 477; x_wconf 95' lang='lat' dir='ltr'><strong>ut</strong></span> <span class='ocrx_word' id='word_1_16' title='bbox 578 415 683 494; x_wconf 90' lang='lat' dir='ltr'><strong>pavida</strong></span> <span class='ocrx_word' id='word_1_17' title='bbox 696 417 814 495; x_wconf 87' lang='lat' dir='ltr'><strong>ingenia</strong></span> <span class='ocrx_word' id='word_1_18' title='bbox 828 415 932 478; x_wconf 86' lang='lat' dir='ltr'><strong>solent.</strong></span> <span class='ocrx_word' id='word_1_19' title='bbox 959 423 989 478; x_wconf 90' lang='lat' dir='ltr'><strong>at</strong></span> <span class='ocrx_word' id='word_1_20' title='bbox 1005 418 1144 480; x_wconf 87' lang='lat' dir='ltr'><strong>consules</strong></span> 
     </span>
     <span class='ocr_line' id='line_1_4' title="bbox 128 504 1143 590; baseline -0.002 -20"><span class='ocrx_word' id='word_1_21' title='bbox 128 510 273 590; x_wconf 84' lang='lat' dir='ltr'><strong>perlicere</strong></span> <span class='ocrx_word' id='word_1_22' title='bbox 287 508 440 569; x_wconf 91' lang='lat' dir='ltr'><strong>decretum</strong></span> <span class='ocrx_word' id='word_1_23' title='bbox 454 514 574 567; x_wconf 89' lang='lat' dir='ltr'><strong>senatus</strong></span> <span class='ocrx_word' id='word_1_24' title='bbox 592 523 652 565; x_wconf 93' lang='lat' dir='ltr'><strong>non</strong></span> <span class='ocrx_word' id='word_1_25' title='bbox 671 506 752 585; x_wconf 88' lang='lat' dir='ltr'><strong>ausi,</strong></span> <span class='ocrx_word' id='word_1_26' title='bbox 767 504 804 566; x_wconf 93' lang='lat' dir='ltr'><strong>de</strong></span> <span class='ocrx_word' id='word_1_27' title='bbox 823 523 973 567; x_wconf 89' lang='lat' dir='ltr'><strong>consensu</strong></span> <span class='ocrx_word' id='word_1_28' title='bbox 991 508 1143 586; x_wconf 84' lang='lat' dir='ltr'><strong>scripsere</strong></span> 
     </span>
     <span class='ocr_line' id='line_1_5' title="bbox 129 595 1144 675; baseline -0.003 -14"><span class='ocrx_word' id='word_1_29' title='bbox 129 599 256 661; x_wconf 81' lang='lat' dir='ltr'><strong>Caesari.</strong></span> <span class='ocrx_word' id='word_1_30' title='bbox 283 596 332 656; x_wconf 91' lang='lat' dir='ltr'><strong>ille</strong></span> <span class='ocrx_word' id='word_1_31' title='bbox 347 599 425 656; x_wconf 92' lang='lat' dir='ltr'><strong>inter</strong></span> <span class='ocrx_word' id='word_1_32' title='bbox 438 595 583 674; x_wconf 91' lang='lat' dir='ltr'><strong>pudorem</strong></span> <span class='ocrx_word' id='word_1_33' title='bbox 597 600 627 654; x_wconf 89' lang='lat' dir='ltr'><strong>et</strong></span> <span class='ocrx_word' id='word_1_34' title='bbox 641 595 716 654; x_wconf 92' lang='lat' dir='ltr'><strong>iram</strong></span> <span class='ocrx_word' id='word_1_35' title='bbox 735 601 905 675; x_wconf 90' lang='lat' dir='ltr'><strong>cunctatus,</strong></span> <span class='ocrx_word' id='word_1_36' title='bbox 922 603 1078 674; x_wconf 89' lang='lat' dir='ltr'><strong>postremo</strong></span> <span class='ocrx_word' id='word_1_37' title='bbox 1099 615 1144 658; x_wconf 88' lang='lat' dir='ltr'><strong>rc·</strong></span> 
     </span>
     <span class='ocr_line' id='line_1_6' title="bbox 130 681 1144 766; baseline -0.003 -17"><span class='ocrx_word' id='word_1_38' title='bbox 130 689 263 766; x_wconf 84' lang='lat' dir='ltr'><strong>scripsit:</strong></span> <span class='ocrx_word' id='word_1_39' title='bbox 286 685 366 746; x_wconf 90' lang='lat' dir='ltr'><strong>nulla</strong></span> <span class='ocrx_word' id='word_1_40' title='bbox 383 685 492 744; x_wconf 90' lang='lat' dir='ltr'><strong>iniuria</strong></span> <span class='ocrx_word' id='word_1_41' title='bbox 509 690 703 760; x_wconf 89' lang='lat' dir='ltr'><strong>provocatum</strong></span> <span class='ocrx_word' id='word_1_42' title='bbox 721 681 882 744; x_wconf 79' lang='lat' dir='ltr'><strong>Antistium</strong></span> <span class='ocrx_word' id='word_1_43' title='bbox 901 686 1096 762; x_wconf 83' lang='lat' dir='ltr'><strong>gravissimas</strong></span> <span class='ocrx_word' id='word_1_44' title='bbox 1114 687 1144 746; x_wconf 91' lang='lat' dir='ltr'><strong>in</strong></span> 
     </span>
     <span class='ocr_line' id='line_1_7' title="bbox 129 770 1144 856; baseline -0.003 -19"><span class='ocrx_word' id='word_1_45' title='bbox 129 779 294 856; x_wconf 90' lang='lat' dir='ltr'><strong>principem</strong></span> <span class='ocrx_word' id='word_1_46' title='bbox 313 771 505 834; x_wconf 84' lang='lat' dir='ltr'><strong>contumelias</strong></span> <span class='ocrx_word' id='word_1_47' title='bbox 529 771 653 852; x_wconf 83' lang='lat' dir='ltr'><strong>dirisse;</strong></span> <span class='ocrx_word' id='word_1_48' title='bbox 676 788 779 832; x_wconf 92' lang='lat' dir='ltr'><strong>earum</strong></span> <span class='ocrx_word' id='word_1_49' title='bbox 801 770 946 832; x_wconf 89' lang='lat' dir='ltr'><strong>ultionem</strong></span> <span class='ocrx_word' id='word_1_50' title='bbox 968 791 984 832; x_wconf 93' lang='lat' dir='ltr'><strong>a</strong></span> <span class='ocrx_word' id='word_1_51' title='bbox 1007 773 1144 851; x_wconf 92' lang='lat' dir='ltr'><strong>patribus</strong></span> 
     </span>
    </p>

    <p class='ocr_par' dir='ltr' id='par_1_4' title="bbox 90 858 1145 1295">
     <span class='ocr_line' id='line_1_8' title="bbox 90 858 1145 945; baseline 0.003 -24"><span class='ocrx_word' id='word_1_52' title='bbox 90 883 116 923; x_wconf 84' lang='grc' dir='ltr'><strong>ιο</strong></span> <span class='ocrx_word' id='word_1_53' title='bbox 129 863 319 945; x_wconf 88' lang='lat' dir='ltr'><strong>postulatam,</strong></span> <span class='ocrx_word' id='word_1_54' title='bbox 343 869 373 921; x_wconf 90' lang='lat' dir='ltr'><strong>et</strong></span> <span class='ocrx_word' id='word_1_55' title='bbox 394 878 449 939; x_wconf 94' lang='lat' dir='ltr'><strong>pro</strong></span> <span class='ocrx_word' id='word_1_56' title='bbox 472 859 673 938; x_wconf 82' lang='lat' dir='ltr'><strong>magnitudine</strong></span> <span class='ocrx_word' id='word_1_57' title='bbox 697 858 798 921; x_wconf 89' lang='lat' dir='ltr'><strong>delicti</strong></span> <span class='ocrx_word' id='word_1_58' title='bbox 821 877 948 938; x_wconf 89' lang='lat' dir='ltr'><strong>poenam</strong></span> <span class='ocrx_word' id='word_1_59' title='bbox 974 863 1145 942; x_wconf 88' lang='lat' dir='ltr'><strong>statuipar</strong></span> 
     </span>
     <span class='ocr_line' id='line_1_9' title="bbox 130 948 1142 1029; baseline -0.001 -15"><span class='ocrx_word' id='word_1_60' title='bbox 130 954 230 1014; x_wconf 87' lang='lat' dir='ltr'><strong>luisse.</strong></span> <span class='ocrx_word' id='word_1_61' title='bbox 258 956 392 1011; x_wconf 89' lang='lat' dir='ltr'><strong>ceterum</strong></span> <span class='ocrx_word' id='word_1_62' title='bbox 410 967 455 1029; x_wconf 91' lang='lat' dir='ltr'><strong>se,</strong></span> <span class='ocrx_word' id='word_1_63' title='bbox 475 949 527 1028; x_wconf 86' lang='lat' dir='ltr'><strong>qui</strong></span> <span class='ocrx_word' id='word_1_64' title='bbox 541 949 730 1008; x_wconf 89' lang='lat' dir='ltr'><strong>severitatem</strong></span> <span class='ocrx_word' id='word_1_65' title='bbox 743 948 969 1010; x_wconf 85' lang='lat' dir='ltr'><strong>decernentium</strong></span> <span class='ocrx_word' id='word_1_66' title='bbox 982 951 1142 1029; x_wconf 90' lang='lat' dir='ltr'><strong>impeditu-</strong></span> 
     </span>
     <span class='ocr_line' id='line_1_10' title="bbox 129 1035 1143 1118; baseline 0 -17"><span class='ocrx_word' id='word_1_67' title='bbox 129 1059 182 1103; x_wconf 89' lang='lat' dir='ltr'><strong>rus</strong></span> <span class='ocrx_word' id='word_1_68' title='bbox 200 1040 303 1118; x_wconf 84' lang='lat' dir='ltr'><strong>fuerit,</strong></span> <span class='ocrx_word' id='word_1_69' title='bbox 321 1037 555 1098; x_wconf 82' lang='lat' dir='ltr'><strong>moderationem</strong></span> <span class='ocrx_word' id='word_1_70' title='bbox 573 1054 634 1096; x_wconf 93' lang='lat' dir='ltr'><strong>non</strong></span> <span class='ocrx_word' id='word_1_71' title='bbox 652 1035 825 1115; x_wconf 88' lang='lat' dir='ltr'><strong>prohibere:</strong></span> <span class='ocrx_word' id='word_1_72' title='bbox 844 1045 1011 1099; x_wconf 87' lang='lat' dir='ltr'><strong>statuerent</strong></span> <span class='ocrx_word' id='word_1_73' title='bbox 1029 1047 1065 1100; x_wconf 89' lang='lat' dir='ltr'><strong>ut</strong></span> <span class='ocrx_word' id='word_1_74' title='bbox 1084 1039 1143 1101; x_wconf 92' lang='lat' dir='ltr'><strong>vel·</strong></span> 
     </span>
     <span class='ocr_line' id='line_1_11' title="bbox 129 1125 1143 1215; baseline 0.001 -26"><span class='ocrx_word' id='word_1_75' title='bbox 129 1129 204 1208; x_wconf 88' lang='lat' dir='ltr'><strong>lent,</strong></span> <span class='ocrx_word' id='word_1_76' title='bbox 219 1128 317 1188; x_wconf 90' lang='lat' dir='ltr'><strong>datam</strong></span> <span class='ocrx_word' id='word_1_77' title='bbox 330 1133 361 1186; x_wconf 88' lang='lat' dir='ltr'><strong>et</strong></span> <span class='ocrx_word' id='word_1_78' title='bbox 374 1125 546 1186; x_wconf 91' lang='lat' dir='ltr'><strong>absolvendi</strong></span> <span class='ocrx_word' id='word_1_79' title='bbox 559 1125 716 1186; x_wconf 88' lang='lat' dir='ltr'><strong>licentiam.</strong></span> <span class='ocrx_word' id='word_1_80' title='bbox 745 1126 895 1215; x_wconf 74' lang='lat' dir='ltr'><strong>hisatque</strong></span> <span class='ocrx_word' id='word_1_81' title='bbox 911 1126 1021 1188; x_wconf 89' lang='lat' dir='ltr'><strong>talibus</strong></span> <span class='ocrx_word' id='word_1_82' title='bbox 1036 1131 1143 1192; x_wconf 88' lang='lat' dir='ltr'><strong>recita·</strong></span> 
     </span>
     <span class='ocr_line' id='line_1_12' title="bbox 129 1213 1144 1295; baseline 0 -17"><span class='ocrx_word' id='word_1_83' title='bbox 129 1219 169 1278; x_wconf 92' lang='lat' dir='ltr'><strong>tis</strong></span> <span class='ocrx_word' id='word_1_84' title='bbox 184 1224 213 1277; x_wconf 94' lang='lat' dir='ltr'><strong>et</strong></span> <span class='ocrx_word' id='word_1_85' title='bbox 231 1215 392 1275; x_wconf 82' lang='lat' dir='ltr'><strong>offensione</strong></span> <span class='ocrx_word' id='word_1_86' title='bbox 411 1214 578 1295; x_wconf 79' lang='lat' dir='ltr'><strong>manifesta,</strong></span> <span class='ocrx_word' id='word_1_87' title='bbox 597 1232 658 1274; x_wconf 93' lang='lat' dir='ltr'><strong>non</strong></span> <span class='ocrx_word' id='word_1_88' title='bbox 675 1213 742 1274; x_wconf 89' lang='lat' dir='ltr'><strong>ideo</strong></span> <span class='ocrx_word' id='word_1_89' title='bbox 761 1223 813 1276; x_wconf 90' lang='lat' dir='ltr'><strong>aut</strong></span> <span class='ocrx_word' id='word_1_90' title='bbox 831 1215 969 1276; x_wconf 89' lang='lat' dir='ltr'><strong>consules</strong></span> <span class='ocrx_word' id='word_1_91' title='bbox 987 1223 1144 1278; x_wconf 90' lang='lat' dir='ltr'><strong>mutavere</strong></span> 
     </span>
    </p>

    <p class='ocr_par' dir='ltr' id='par_1_5' title="bbox 91 1302 1145 1650">
     <span class='ocr_line' id='line_1_13' title="bbox 91 1302 1145 1385; baseline 0.003 -21"><span class='ocrx_word' id='word_1_92' title='bbox 91 1322 117 1364; x_wconf 72' lang='grc' dir='ltr'><strong>ιε»</strong></span> <span class='ocrx_word' id='word_1_93' title='bbox 130 1305 304 1367; x_wconf 91' lang='lat' dir='ltr'><strong>relationem</strong></span> <span class='ocrx_word' id='word_1_94' title='bbox 322 1310 373 1365; x_wconf 91' lang='lat' dir='ltr'><strong>aut</strong></span> <span class='ocrx_word' id='word_1_95' title='bbox 387 1302 517 1364; x_wconf 85' lang='lat' dir='ltr'><strong>Thrasea</strong></span> <span class='ocrx_word' id='word_1_96' title='bbox 535 1303 663 1364; x_wconf 84' lang='lat' dir='ltr'><strong>decessit</strong></span> <span class='ocrx_word' id='word_1_97' title='bbox 680 1305 828 1364; x_wconf 89' lang='lat' dir='ltr'><strong>sententia</strong></span> <span class='ocrx_word' id='word_1_98' title='bbox 841 1305 970 1365; x_wconf 89' lang='lat' dir='ltr'><strong>ceterive</strong></span> <span class='ocrx_word' id='word_1_99' title='bbox 984 1323 1061 1384; x_wconf 85' lang='lat' dir='ltr'><strong>quae</strong></span> <span class='ocrx_word' id='word_1_100' title='bbox 1076 1324 1145 1385; x_wconf 93' lang='lat' dir='ltr'><strong>pro-</strong></span> 
     </span>
     <span class='ocr_line' id='line_1_14' title="bbox 130 1391 1144 1473; baseline -0.001 -17"><span class='ocrx_word' id='word_1_101' title='bbox 130 1395 272 1457; x_wconf 88' lang='lat' dir='ltr'><strong>baverant</strong></span> <span class='ocrx_word' id='word_1_102' title='bbox 292 1393 465 1472; x_wconf 90' lang='lat' dir='ltr'><strong>deseruere,</strong></span> <span class='ocrx_word' id='word_1_103' title='bbox 490 1410 572 1473; x_wconf 89' lang='lat' dir='ltr'><strong>pars,</strong></span> <span class='ocrx_word' id='word_1_104' title='bbox 596 1409 633 1453; x_wconf 91' lang='lat' dir='ltr'><strong>ne</strong></span> <span class='ocrx_word' id='word_1_105' title='bbox 654 1393 821 1470; x_wconf 91' lang='lat' dir='ltr'><strong>principem</strong></span> <span class='ocrx_word' id='word_1_106' title='bbox 844 1391 989 1454; x_wconf 91' lang='lat' dir='ltr'><strong>obiecisse</strong></span> <span class='ocrx_word' id='word_1_107' title='bbox 1013 1395 1144 1456; x_wconf 93' lang='lat' dir='ltr'><strong>invidiae</strong></span> 
     </span>
     <span class='ocr_line' id='line_1_15' title="bbox 130 1478 1144 1564; baseline -0.001 -19"><span class='ocrx_word' id='word_1_108' title='bbox 130 1484 315 1564; x_wconf 90' lang='lat' dir='ltr'><strong>viderentur,</strong></span> <span class='ocrx_word' id='word_1_109' title='bbox 338 1481 439 1561; x_wconf 90' lang='lat' dir='ltr'><strong>plures</strong></span> <span class='ocrx_word' id='word_1_110' title='bbox 462 1498 586 1542; x_wconf 91' lang='lat' dir='ltr'><strong>numero</strong></span> <span class='ocrx_word' id='word_1_111' title='bbox 605 1482 675 1561; x_wconf 92' lang='lat' dir='ltr'><strong>tuti,</strong></span> <span class='ocrx_word' id='word_1_112' title='bbox 700 1478 829 1541; x_wconf 85' lang='lat' dir='ltr'><strong>Thrasea</strong></span> <span class='ocrx_word' id='word_1_113' title='bbox 848 1488 933 1542; x_wconf 91' lang='lat' dir='ltr'><strong>sueta</strong></span> <span class='ocrx_word' id='word_1_114' title='bbox 955 1482 1144 1546; x_wconf 84' lang='lat' dir='ltr'><strong>firmitudine</strong></span> 
     </span>
     <span class='ocr_line' id='line_1_16' title="bbox 131 1568 637 1650; baseline -0.008 -17"><span class='ocrx_word' id='word_1_115' title='bbox 131 1575 221 1634; x_wconf 91' lang='lat' dir='ltr'><strong>animi</strong></span> <span class='ocrx_word' id='word_1_116' title='bbox 235 1579 265 1632; x_wconf 88' lang='lat' dir='ltr'><strong>et</strong></span> <span class='ocrx_word' id='word_1_117' title='bbox 278 1589 316 1631; x_wconf 89' lang='lat' dir='ltr'><strong>ne</strong></span> <span class='ocrx_word' id='word_1_118' title='bbox 330 1570 423 1650; x_wconf 86' lang='lat' dir='ltr'><strong>gloria</strong></span> <span class='ocrx_word' id='word_1_119' title='bbox 436 1568 637 1630; x_wconf 88' lang='lat' dir='ltr'><strong>intercideret.</strong></span> 
     </span>
    </p>

    <p class='ocr_par' dir='ltr' id='par_1_6' title="bbox 132 1656 1146 1989">
     <span class='ocr_line' id='line_1_17' title="bbox 199 1656 1146 1738; baseline 0 -16"><span class='ocrx_word' id='word_1_120' title='bbox 199 1656 250 1722; x_wconf 81' lang='lat'><strong>50.</strong></span> <span class='ocrx_word' id='word_1_121' title='bbox 278 1657 362 1720; x_wconf 91' lang='lat' dir='ltr'><strong>Haud</strong></span> <span class='ocrx_word' id='word_1_122' title='bbox 386 1659 498 1738; x_wconf 90' lang='lat' dir='ltr'><strong>dispari</strong></span> <span class='ocrx_word' id='word_1_123' title='bbox 520 1659 644 1720; x_wconf 92' lang='lat' dir='ltr'><strong>crimine</strong></span> <span class='ocrx_word' id='word_1_124' title='bbox 667 1656 820 1718; x_wconf 78' lang='lat' dir='ltr'><strong>FabricIus</strong></span> <span class='ocrx_word' id='word_1_125' title='bbox 843 1656 965 1719; x_wconf 91' lang='lat' dir='ltr'><strong>Veiento</strong></span> <span class='ocrx_word' id='word_1_126' title='bbox 993 1659 1146 1722; x_wconf 90' lang='lat' dir='ltr'><strong>conllieta-</strong></span> 
     </span>
     <span class='ocr_line' id='line_1_18' title="bbox 132 1745 1146 1829; baseline -0.001 -17"><span class='ocrx_word' id='word_1_127' title='bbox 132 1758 181 1812; x_wconf 92' lang='lat' dir='ltr'><strong>tus</strong></span> <span class='ocrx_word' id='word_1_128' title='bbox 205 1757 264 1829; x_wconf 89' lang='lat' dir='ltr'><strong>est,</strong></span> <span class='ocrx_word' id='word_1_129' title='bbox 288 1747 366 1827; x_wconf 90' lang='lat' dir='ltr'><strong>quod</strong></span> <span class='ocrx_word' id='word_1_130' title='bbox 392 1747 484 1808; x_wconf 92' lang='lat' dir='ltr'><strong>multa</strong></span> <span class='ocrx_word' id='word_1_131' title='bbox 507 1754 537 1808; x_wconf 93' lang='lat' dir='ltr'><strong>et</strong></span> <span class='ocrx_word' id='word_1_132' title='bbox 559 1745 703 1825; x_wconf 91' lang='lat' dir='ltr'><strong>probrosa</strong></span> <span class='ocrx_word' id='word_1_133' title='bbox 725 1748 757 1806; x_wconf 92' lang='lat' dir='ltr'><strong>in</strong></span> <span class='ocrx_word' id='word_1_134' title='bbox 783 1754 884 1825; x_wconf 89' lang='lat' dir='ltr'><strong>patres</strong></span> <span class='ocrx_word' id='word_1_135' title='bbox 914 1754 945 1808; x_wconf 91' lang='lat' dir='ltr'><strong>et</strong></span> <span class='ocrx_word' id='word_1_136' title='bbox 972 1748 1146 1811; x_wconf 86' lang='lat' dir='ltr'><strong>sacerdotes</strong></span> 
     </span>
     <span class='ocr_line' id='line_1_19' title="bbox 133 1834 1145 1917; baseline -0.002 -17"><span class='ocrx_word' id='word_1_137' title='bbox 133 1839 348 1917; x_wconf 88' lang='lat' dir='ltr'><strong>composuisset</strong></span> <span class='ocrx_word' id='word_1_138' title='bbox 365 1837 402 1896; x_wconf 91' lang='lat' dir='ltr'><strong>iis</strong></span> <span class='ocrx_word' id='word_1_139' title='bbox 420 1834 518 1916; x_wconf 92' lang='lat' dir='ltr'><strong>libris,</strong></span> <span class='ocrx_word' id='word_1_140' title='bbox 537 1834 645 1914; x_wconf 90' lang='lat' dir='ltr'><strong>quihus</strong></span> <span class='ocrx_word' id='word_1_141' title='bbox 663 1852 771 1896; x_wconf 93' lang='lat' dir='ltr'><strong>nomen</strong></span> <span class='ocrx_word' id='word_1_142' title='bbox 790 1835 993 1896; x_wconf 91' lang='lat' dir='ltr'><strong>codicillorum</strong></span> <span class='ocrx_word' id='word_1_143' title='bbox 1012 1837 1145 1900; x_wconf 91' lang='lat' dir='ltr'><strong>dederat.</strong></span> 
     </span>
     <span class='ocr_line' id='line_1_20' title="bbox 133 1923 1146 1989; baseline -0.003 1"><span class='ocrx_word' id='word_1_144' title='bbox 133 1925 278 1989; x_wconf 89' lang='lat' dir='ltr'><strong>adiciebat</strong></span> <span class='ocrx_word' id='word_1_145' title='bbox 292 1923 406 1986; x_wconf 87' lang='lat' dir='ltr'><strong>Tullius</strong></span> <span class='ocrx_word' id='word_1_146' title='bbox 421 1924 562 1985; x_wconf 87' lang='lat' dir='ltr'><strong>Geminus</strong></span> <span class='ocrx_word' id='word_1_147' title='bbox 582 1930 736 1985; x_wconf 90' lang='lat' dir='ltr'><strong>accusator</strong></span> <span class='ocrx_word' id='word_1_148' title='bbox 754 1924 903 1984; x_wconf 87' lang='lat' dir='ltr'><strong>venditata</strong></span> <span class='ocrx_word' id='word_1_149' title='bbox 917 1923 953 1984; x_wconf 92' lang='lat' dir='ltr'><strong>ah</strong></span> <span class='ocrx_word' id='word_1_150' title='bbox 969 1942 1004 1984; x_wconf 91' lang='lat' dir='ltr'><strong>eo</strong></span> <span class='ocrx_word' id='word_1_151' title='bbox 1018 1943 1146 1987; x_wconf 88' lang='lat' dir='ltr'><strong>munera</strong></span> 
     </span>
    </p>

    <p class='ocr_par' dir='ltr' id='par_1_7' title="bbox 107 2012 1145 2428">
     <span class='ocr_line' id='line_1_21' title="bbox 107 2012 1145 2095; baseline 0.002 -22"><span class='ocrx_word' id='word_1_152' title='bbox 107 2016 276 2095; x_wconf 81' lang='lat' dir='ltr'><strong>sprincipis</strong></span> <span class='ocrx_word' id='word_1_153' title='bbox 296 2021 325 2073; x_wconf 91' lang='lat' dir='ltr'><strong>et</strong></span> <span class='ocrx_word' id='word_1_154' title='bbox 344 2012 603 2091; x_wconf 88' lang='lat' dir='ltr'><strong>adipiscendorum</strong></span> <span class='ocrx_word' id='word_1_155' title='bbox 625 2012 772 2072; x_wconf 92' lang='lat' dir='ltr'><strong>honorum</strong></span> <span class='ocrx_word' id='word_1_156' title='bbox 790 2014 846 2073; x_wconf 90' lang='lat' dir='ltr'><strong>ius.</strong></span> <span class='ocrx_word' id='word_1_157' title='bbox 883 2030 959 2092; x_wconf 93' lang='lat' dir='ltr'><strong>quae</strong></span> <span class='ocrx_word' id='word_1_158' title='bbox 979 2031 1068 2074; x_wconf 90' lang='lat' dir='ltr'><strong>causa</strong></span> <span class='ocrx_word' id='word_1_159' title='bbox 1087 2014 1145 2075; x_wconf 90' lang='lat' dir='ltr'><strong>Ne-</strong></span> 
     </span>
     <span class='ocr_line' id='line_1_22' title="bbox 132 2098 1144 2180; baseline 0.001 -17"><span class='ocrx_word' id='word_1_160' title='bbox 132 2106 199 2163; x_wconf 86' lang='lat' dir='ltr'><strong>roni</strong></span> <span class='ocrx_word' id='word_1_161' title='bbox 213 2103 268 2162; x_wconf 86' lang='lat' dir='ltr'><strong>fnit</strong></span> <span class='ocrx_word' id='word_1_162' title='bbox 282 2101 464 2178; x_wconf 88' lang='lat' dir='ltr'><strong>suscipiendi</strong></span> <span class='ocrx_word' id='word_1_163' title='bbox 476 2100 592 2180; x_wconf 90' lang='lat' dir='ltr'><strong>iudicii,</strong></span> <span class='ocrx_word' id='word_1_164' title='bbox 610 2098 838 2179; x_wconf 88' lang='lat' dir='ltr'><strong>convictumque</strong></span> <span class='ocrx_word' id='word_1_165' title='bbox 852 2100 1045 2162; x_wconf 87' lang='lat' dir='ltr'><strong>Veientonem</strong></span> <span class='ocrx_word' id='word_1_166' title='bbox 1059 2101 1144 2164; x_wconf 90' lang='lat' dir='ltr'><strong>ltalia</strong></span> 
     </span>
     <span class='ocr_line' id='line_1_23' title="bbox 133 2186 1144 2272; baseline 0.002 -21"><span class='ocrx_word' id='word_1_167' title='bbox 133 2190 246 2269; x_wconf 91' lang='lat' dir='ltr'><strong>depulit</strong></span> <span class='ocrx_word' id='word_1_168' title='bbox 260 2195 290 2249; x_wconf 92' lang='lat' dir='ltr'><strong>et</strong></span> <span class='ocrx_word' id='word_1_169' title='bbox 303 2186 394 2249; x_wconf 92' lang='lat' dir='ltr'><strong>libros</strong></span> <span class='ocrx_word' id='word_1_170' title='bbox 409 2190 494 2248; x_wconf 84' lang='lat' dir='ltr'><strong>exuri</strong></span> <span class='ocrx_word' id='word_1_171' title='bbox 506 2189 607 2268; x_wconf 91' lang='lat' dir='ltr'><strong>iussit,</strong></span> <span class='ocrx_word' id='word_1_172' title='bbox 621 2189 804 2266; x_wconf 90' lang='lat' dir='ltr'><strong>conquisitos</strong></span> <span class='ocrx_word' id='word_1_173' title='bbox 817 2188 1033 2272; x_wconf 87' lang='lat' dir='ltr'><strong>lectitatosque,</strong></span> <span class='ocrx_word' id='word_1_174' title='bbox 1048 2191 1144 2253; x_wconf 90' lang='lat' dir='ltr'><strong>donec</strong></span> 
     </span>
     <span class='ocr_line' id='line_1_24' title="bbox 133 2274 1143 2357; baseline 0.001 -18"><span class='ocrx_word' id='word_1_175' title='bbox 133 2297 202 2339; x_wconf 93' lang='lat' dir='ltr'><strong>cnm</strong></span> <span class='ocrx_word' id='word_1_176' title='bbox 220 2275 351 2357; x_wconf 91' lang='lat' dir='ltr'><strong>periculo</strong></span> <span class='ocrx_word' id='word_1_177' title='bbox 369 2274 561 2354; x_wconf 89' lang='lat' dir='ltr'><strong>parabantur:</strong></span> <span class='ocrx_word' id='word_1_178' title='bbox 585 2294 651 2337; x_wconf 84' lang='lat' dir='ltr'><strong>mon</strong></span> <span class='ocrx_word' id='word_1_179' title='bbox 675 2275 794 2337; x_wconf 88' lang='lat' dir='ltr'><strong>licentia</strong></span> <span class='ocrx_word' id='word_1_180' title='bbox 812 2277 940 2339; x_wconf 90' lang='lat' dir='ltr'><strong>habendi</strong></span> <span class='ocrx_word' id='word_1_181' title='bbox 964 2278 1143 2342; x_wconf 87' lang='lat' dir='ltr'><strong>oblivionem</strong></span> 
     </span>
     <span class='ocr_line' id='line_1_25' title="bbox 134 2367 240 2428; baseline -0.009 0"><span class='ocrx_word' id='word_1_182' title='bbox 134 2367 240 2428; x_wconf 89' lang='lat' dir='ltr'><strong>attulit.</strong></span> 
     </span>
    </p>

    <p class='ocr_par' dir='ltr' id='par_1_8' title="bbox 133 2452 1144 2802">
     <span class='ocr_line' id='line_1_26' title="bbox 201 2452 1142 2533; baseline -0.002 -14"><span class='ocrx_word' id='word_1_183' title='bbox 201 2452 252 2519; x_wconf 85' lang='lat'><strong>51.</strong></span> <span class='ocrx_word' id='word_1_184' title='bbox 276 2454 334 2516; x_wconf 90' lang='lat' dir='ltr'><strong>Sed</strong></span> <span class='ocrx_word' id='word_1_185' title='bbox 357 2453 597 2533; x_wconf 83' lang='lat' dir='ltr'><strong>gravescentibus</strong></span> <span class='ocrx_word' id='word_1_186' title='bbox 620 2454 737 2514; x_wconf 90' lang='lat' dir='ltr'><strong>indies</strong></span> <span class='ocrx_word' id='word_1_187' title='bbox 760 2454 888 2533; x_wconf 92' lang='lat' dir='ltr'><strong>puhlicis</strong></span> <span class='ocrx_word' id='word_1_188' title='bbox 905 2455 991 2517; x_wconf 86' lang='lat' dir='ltr'><strong>malis</strong></span> <span class='ocrx_word' id='word_1_189' title='bbox 1010 2457 1142 2519; x_wconf 88' lang='lat' dir='ltr'><strong>subsidia</strong></span> 
     </span>
     <span class='ocr_line' id='line_1_27' title="bbox 133 2543 1142 2626; baseline -0.001 -19"><span class='ocrx_word' id='word_1_190' title='bbox 133 2545 356 2626; x_wconf 90' lang='lat' dir='ltr'><strong>minuebantur,</strong></span> <span class='ocrx_word' id='word_1_191' title='bbox 374 2545 580 2623; x_wconf 90' lang='lat' dir='ltr'><strong>concessitque</strong></span> <span class='ocrx_word' id='word_1_192' title='bbox 594 2545 654 2604; x_wconf 92' lang='lat' dir='ltr'><strong>vita</strong></span> <span class='ocrx_word' id='word_1_193' title='bbox 667 2543 793 2624; x_wconf 86' lang='lat' dir='ltr'><strong>Rurrus,</strong></span> <span class='ocrx_word' id='word_1_194' title='bbox 812 2546 960 2606; x_wconf 91' lang='lat' dir='ltr'><strong>incertum</strong></span> <span class='ocrx_word' id='word_1_195' title='bbox 973 2544 1142 2625; x_wconf 88' lang='lat' dir='ltr'><strong>valetudine</strong></span> 
     </span>
     <span class='ocr_line' id='line_1_28' title="bbox 134 2631 1142 2713; baseline 0.001 -18"><span class='ocrx_word' id='word_1_196' title='bbox 134 2654 171 2696; x_wconf 90' lang='lat' dir='ltr'><strong>an</strong></span> <span class='ocrx_word' id='word_1_197' title='bbox 194 2652 315 2696; x_wconf 93' lang='lat' dir='ltr'><strong>veneno.</strong></span> <span class='ocrx_word' id='word_1_198' title='bbox 356 2633 492 2695; x_wconf 89' lang='lat' dir='ltr'><strong>valetudo</strong></span> <span class='ocrx_word' id='word_1_199' title='bbox 515 2651 552 2693; x_wconf 83' lang='lat' dir='ltr'><strong>ex</strong></span> <span class='ocrx_word' id='word_1_200' title='bbox 575 2651 610 2693; x_wconf 93' lang='lat' dir='ltr'><strong>eo</strong></span> <span class='ocrx_word' id='word_1_201' title='bbox 629 2631 862 2713; x_wconf 88' lang='lat' dir='ltr'><strong>coniectabatur,</strong></span> <span class='ocrx_word' id='word_1_202' title='bbox 891 2633 970 2713; x_wconf 92' lang='lat' dir='ltr'><strong>quod</strong></span> <span class='ocrx_word' id='word_1_203' title='bbox 989 2636 1020 2694; x_wconf 96' lang='lat' dir='ltr'><strong>in</strong></span> <span class='ocrx_word' id='word_1_204' title='bbox 1044 2652 1076 2695; x_wconf 92' lang='lat' dir='ltr'><strong>se</strong></span> <span class='ocrx_word' id='word_1_205' title='bbox 1097 2643 1142 2697; x_wconf 92' lang='lat' dir='ltr'><strong>tu-</strong></span> 
     </span>
     <span class='ocr_line' id='line_1_29' title="bbox 133 2721 1144 2802; baseline 0.001 -19"><span class='ocrx_word' id='word_1_206' title='bbox 133 2723 334 2784; x_wconf 89' lang='lat' dir='ltr'><strong>mescentibus</strong></span> <span class='ocrx_word' id='word_1_207' title='bbox 356 2721 497 2801; x_wconf 89' lang='lat' dir='ltr'><strong>paulatim</strong></span> <span class='ocrx_word' id='word_1_208' title='bbox 520 2721 653 2782; x_wconf 86' lang='lat' dir='ltr'><strong>saucibus</strong></span> <span class='ocrx_word' id='word_1_209' title='bbox 677 2729 707 2782; x_wconf 89' lang='lat' dir='ltr'><strong>et</strong></span> <span class='ocrx_word' id='word_1_210' title='bbox 729 2722 870 2801; x_wconf 91' lang='lat' dir='ltr'><strong>impedito</strong></span> <span class='ocrx_word' id='word_1_211' title='bbox 888 2730 987 2783; x_wconf 87' lang='lat' dir='ltr'><strong>meatu</strong></span> <span class='ocrx_word' id='word_1_212' title='bbox 1006 2725 1144 2802; x_wconf 90' lang='lat' dir='ltr'><strong>spiritum</strong></span> 
     </span>
    </p>

    <p class='ocr_par' dir='ltr' id='par_1_9' title="bbox 107 2809 1145 3069">
     <span class='ocr_line' id='line_1_30' title="bbox 107 2809 1144 2894; baseline 0.006 -28"><span class='ocrx_word' id='word_1_213' title='bbox 107 2826 120 2866; x_wconf 82' lang='lat' dir='ltr'><strong>o</strong></span> <span class='ocrx_word' id='word_1_214' title='bbox 134 2811 262 2871; x_wconf 88' lang='lat' dir='ltr'><strong>finiebat.</strong></span> <span class='ocrx_word' id='word_1_215' title='bbox 290 2811 391 2890; x_wconf 88' lang='lat' dir='ltr'><strong>plures</strong></span> <span class='ocrx_word' id='word_1_216' title='bbox 409 2813 493 2872; x_wconf 91' lang='lat' dir='ltr'><strong>iussu</strong></span> <span class='ocrx_word' id='word_1_217' title='bbox 507 2809 646 2890; x_wconf 89' lang='lat' dir='ltr'><strong>Neronis,</strong></span> <span class='ocrx_word' id='word_1_218' title='bbox 665 2812 750 2889; x_wconf 90' lang='lat' dir='ltr'><strong>qnasi</strong></span> <span class='ocrx_word' id='word_1_219' title='bbox 763 2810 929 2872; x_wconf 90' lang='lat' dir='ltr'><strong>remedium</strong></span> <span class='ocrx_word' id='word_1_220' title='bbox 942 2811 1144 2894; x_wconf 81' lang='lat' dir='ltr'><strong>adhiberetur,</strong></span> 
     </span>
     <span class='ocr_line' id='line_1_31' title="bbox 134 2897 1145 2982; baseline 0.004 -24"><span class='ocrx_word' id='word_1_221' title='bbox 134 2897 252 2958; x_wconf 88' lang='lat' dir='ltr'><strong>inlitum</strong></span> <span class='ocrx_word' id='word_1_222' title='bbox 275 2898 404 2978; x_wconf 89' lang='lat' dir='ltr'><strong>palatum</strong></span> <span class='ocrx_word' id='word_1_223' title='bbox 432 2900 496 2959; x_wconf 89' lang='lat' dir='ltr'><strong>eius</strong></span> <span class='ocrx_word' id='word_1_224' title='bbox 523 2901 611 2959; x_wconf 83' lang='lat' dir='ltr'><strong>noxio</strong></span> <span class='ocrx_word' id='word_1_225' title='bbox 639 2897 833 2960; x_wconf 90' lang='lat' dir='ltr'><strong>medicamine</strong></span> <span class='ocrx_word' id='word_1_226' title='bbox 862 2900 1087 2982; x_wconf 83' lang='lat' dir='ltr'><strong>adseverabant,</strong></span> <span class='ocrx_word' id='word_1_227' title='bbox 1116 2910 1145 2962; x_wconf 92' lang='lat' dir='ltr'><strong>et</strong></span> 
     </span>
     <span class='ocr_line' id='line_1_32' title="bbox 133 2985 1145 3069; baseline 0.005 -23"><span class='ocrx_word' id='word_1_228' title='bbox 133 2985 262 3048; x_wconf 90' lang='lat' dir='ltr'><strong>Burrum</strong></span> <span class='ocrx_word' id='word_1_229' title='bbox 280 2985 429 3047; x_wconf 91' lang='lat' dir='ltr'><strong>intellecto</strong></span> <span class='ocrx_word' id='word_1_230' title='bbox 453 2986 579 3068; x_wconf 90' lang='lat' dir='ltr'><strong>scelere,</strong></span> <span class='ocrx_word' id='word_1_231' title='bbox 602 3005 670 3047; x_wconf 92' lang='lat' dir='ltr'><strong>cum</strong></span> <span class='ocrx_word' id='word_1_232' title='bbox 689 2988 725 3048; x_wconf 94' lang='lat' dir='ltr'><strong>ad</strong></span> <span class='ocrx_word' id='word_1_233' title='bbox 744 2989 899 3050; x_wconf 90' lang='lat' dir='ltr'><strong>visendum</strong></span> <span class='ocrx_word' id='word_1_234' title='bbox 918 3008 986 3050; x_wconf 87' lang='lat' dir='ltr'><strong>eum</strong></span> <span class='ocrx_word' id='word_1_235' title='bbox 1004 2991 1145 3069; x_wconf 90' lang='lat' dir='ltr'><strong>princeps</strong></span> 
     </span>
    </p>
   </div>
   <div class='ocr_carea' id='block_1_3' title="bbox 133 3244 1147 3586">
    <p class='ocr_par' dir='ltr' id='par_1_10' title="bbox 133 3244 1147 3586">
     <span class='ocr_line' id='line_1_33' title="bbox 205 3244 1147 3320; baseline 0.005 -20"><span class='ocrx_word' id='word_1_236' title='bbox 205 3244 250 3313; x_wconf 78' lang='lat'><strong>50,</strong></span> <span class='ocrx_word' id='word_1_237' title='bbox 272 3252 286 3299; x_wconf 87' lang='lat'>1</span> <span class='ocrx_word' id='word_1_238' title='bbox 305 3246 426 3314; x_wconf 81' lang='lat' dir='ltr'><strong>nogento</strong></span> <span class='ocrx_word' id='word_1_239' title='bbox 444 3250 470 3300; x_wconf 87' lang='lat' dir='ltr'><strong>et</strong></span> <span class='ocrx_word' id='word_1_240' title='bbox 488 3252 504 3300; x_wconf 89' lang='grc'><strong>6</strong></span> <span class='ocrx_word' id='word_1_241' title='bbox 522 3245 693 3315; x_wconf 79' lang='lat' dir='ltr'><strong>uegenbone,</strong></span> <span class='ocrx_word' id='word_1_242' title='bbox 721 3263 768 3302; x_wconf 84' lang='lat' dir='ltr'><strong>em.</strong></span> <span class='ocrx_word' id='word_1_243' title='bbox 788 3247 955 3303; x_wconf 70' lang='lat' dir='ltr'><strong>mamonae</strong></span> <span class='ocrx_word' id='word_1_244' title='bbox 979 3248 984 3315; x_wconf 91' lang='grc' dir='ltr'>Ι</span> <span class='ocrx_word' id='word_1_245' title='bbox 1011 3253 1028 3302; x_wconf 79' lang='lat'>4</span> <span class='ocrx_word' id='word_1_246' title='bbox 1052 3250 1147 3320; x_wconf 78' lang='lat' dir='ltr'><strong>telius,</strong></span> 
     </span>
     <span class='ocr_line' id='line_1_34' title="bbox 133 3315 1145 3393; baseline 0.003 -20"><span class='ocrx_word' id='word_1_247' title='bbox 133 3318 168 3386; x_wconf 77' lang='lat' dir='ltr'><strong>cf.</strong></span> <span class='ocrx_word' id='word_1_248' title='bbox 179 3317 313 3387; x_wconf 71' lang='lat' dir='ltr'><strong>Bosphesc&#39;</strong></span> <span class='ocrx_word' id='word_1_249' title='bbox 329 3316 396 3386; x_wconf 88' lang='lat' dir='ltr'><strong>Opp.</strong></span> <span class='ocrx_word' id='word_1_250' title='bbox 414 3315 446 3383; x_wconf 90' lang='lat' dir='ltr'><strong>V,</strong></span> <span class='ocrx_word' id='word_1_251' title='bbox 457 3319 512 3372; x_wconf 76' lang='lat'><strong>521</strong></span> <span class='ocrx_word' id='word_1_252' title='bbox 528 3322 532 3385; x_wconf 88' lang='grc'>1</span> <span class='ocrx_word' id='word_1_253' title='bbox 549 3322 565 3372; x_wconf 83' lang='grc'>5</span> <span class='ocrx_word' id='word_1_254' title='bbox 583 3332 720 3372; x_wconf 89' lang='lat' dir='ltr'><strong>neronum</strong></span> <span class='ocrx_word' id='word_1_255' title='bbox 736 3321 739 3384; x_wconf 90' lang='grc' dir='ltr'>Ι</span> <span class='ocrx_word' id='word_1_256' title='bbox 756 3317 828 3386; x_wconf 81' lang='lat' dir='ltr'><strong>bl‚3</strong></span> <span class='ocrx_word' id='word_1_257' title='bbox 844 3333 881 3371; x_wconf 81' lang='lat' dir='ltr'><strong>an</strong></span> <span class='ocrx_word' id='word_1_258' title='bbox 895 3316 1056 3375; x_wconf 67' lang='lat' dir='ltr'><strong>Rhenum:</strong></span> <span class='ocrx_word' id='word_1_259' title='bbox 1077 3323 1145 3393; x_wconf 76' lang='lat' dir='ltr'><strong>subl</strong></span> 
     </span>
     <span class='ocr_line' id='line_1_35' title="bbox 134 3386 1147 3456; baseline 0.005 -14"><span class='ocrx_word' id='word_1_260' title='bbox 134 3388 210 3456; x_wconf 89' lang='lat' dir='ltr'><strong>quod</strong></span> <span class='ocrx_word' id='word_1_261' title='bbox 229 3386 479 3443; x_wconf 86' lang='lat' dir='ltr'><strong>intumescentibus</strong></span> <span class='ocrx_word' id='word_1_262' title='bbox 501 3389 639 3456; x_wconf 81' lang='lat' dir='ltr'><strong>Muretus,</strong></span> <span class='ocrx_word' id='word_1_263' title='bbox 658 3395 688 3444; x_wconf 84' lang='lat' dir='ltr'><strong>at</strong></span> <span class='ocrx_word' id='word_1_264' title='bbox 706 3389 740 3456; x_wconf 79' lang='lat' dir='ltr'><strong>cf.</strong></span> <span class='ocrx_word' id='word_1_265' title='bbox 749 3387 861 3456; x_wconf 71' lang='lat' dir='ltr'><strong>Semcp.</strong></span> <span class='ocrx_word' id='word_1_266' title='bbox 880 3391 924 3455; x_wconf 84' lang='lat'><strong>95,</strong></span> <span class='ocrx_word' id='word_1_267' title='bbox 944 3392 980 3442; x_wconf 87' lang='grc'><strong>16</strong></span> <span class='ocrx_word' id='word_1_268' title='bbox 997 3389 1064 3445; x_wconf 90' lang='lat' dir='ltr'><strong>inde</strong></span> <span class='ocrx_word' id='word_1_269' title='bbox 1083 3393 1147 3447; x_wconf 89' lang='lat' dir='ltr'><strong>snb·</strong></span> 
     </span>
     <span class='ocr_line' id='line_1_36' title="bbox 133 3457 1147 3583; baseline 0.004 -70"><span class='ocrx_word' id='word_1_270' title='bbox 133 3458 215 3583; x_wconf 66' lang='lat' dir='ltr'><strong>fusiot</strong></span> <span class='ocrx_word' id='word_1_271' title='bbox 234 3458 342 3514; x_wconf 84' lang='lat' dir='ltr'><strong>luridae</strong></span> <span class='ocrx_word' id='word_1_272' title='bbox 369 3457 437 3513; x_wconf 90' lang='lat' dir='ltr'><strong>bilis</strong></span> <span class='ocrx_word' id='word_1_273' title='bbox 465 3459 495 3514; x_wconf 81' lang='lat' dir='ltr'><strong>eb</strong></span> <span class='ocrx_word' id='word_1_274' title='bbox 521 3457 633 3513; x_wconf 88' lang='lat' dir='ltr'><strong>decolor</strong></span> <span class='ocrx_word' id='word_1_275' title='bbox 655 3458 749 3514; x_wconf 81' lang='lat' dir='ltr'><strong>vultus</strong></span> <span class='ocrx_word' id='word_1_276' title='bbox 773 3459 909 3514; x_wconf 66' lang='lat' dir='ltr'><strong>habemus</strong></span> <span class='ocrx_word' id='word_1_277' title='bbox 937 3457 968 3512; x_wconf 90' lang='lat' dir='ltr'><strong>in</strong></span> <span class='ocrx_word' id='word_1_278' title='bbox 995 3477 1024 3514; x_wconf 91' lang='lat' dir='ltr'><strong>se</strong></span> <span class='ocrx_word' id='word_1_279' title='bbox 1052 3464 1147 3531; x_wconf 81' lang='lat' dir='ltr'><strong>putre-</strong></span> 
     </span>
     <span class='ocr_line' id='line_1_37' title="bbox 135 3528 338 3586; baseline 0.01 -2"><span class='ocrx_word' id='word_1_280' title='bbox 135 3546 201 3584; x_wconf 86' lang='lat' dir='ltr'><strong>scen</strong></span> <span class='ocrx_word' id='word_1_281' title='bbox 215 3528 272 3584; x_wconf 89' lang='lat' dir='ltr'><strong>inm</strong></span> <span class='ocrx_word' id='word_1_282' title='bbox 291 3536 338 3586; x_wconf 87' lang='lat' dir='ltr'><strong>etc.</strong></span> 
     </span>
    </p>
   </div>
   <div class='ocr_carea' id='block_1_4' title="bbox 0 0 1202 3876">
    <p class='ocr_par' dir='ltr' id='par_1_11' title="bbox 0 0 1202 3876">
     <span class='ocr_line' id='line_1_38' title="bbox 0 0 1202 3876; baseline 0 0"><span class='ocrx_word' id='word_1_283' title='bbox 0 0 1202 3876; x_wconf 95' lang='lat' dir='ltr'><strong> </strong></span> 
     </span>
    </p>
   </div>
  </div>
 </body>
</html>
