2392 3876
136 178 178 245 68
486 173 792 230 conumrivncur

135 345 202 388 nam
222 327 406 405 deprecatus,
425 332 458 384 ut
477 323 610 403 exemplo
629 326 774 385 maiorum
793 325 969 403 propinquis
986 326 1049 385 suis
1067 324 1147 386 ultra

135 415 374 477 ducentesimum
391 413 519 492 lapidem
537 420 741 473 removeretur
759 414 860 473 suasit.
888 412 1022 473 adultero
1037 412 1146 474 Manlio

95 517 122 559 1⁵
134 504 217 566 ltalia
231 511 320 583 atque
334 503 431 566 Africa
446 502 639 562 interdictum
652 508 706 561 est.

202 589 253 656 51.
281 593 323 652 lle
345 598 482 670 praetore
505 591 539 650 in
559 589 656 650 locum
681 588 814 668 Vipstani
837 589 924 670 Galli,
944 607 1040 668 ,quem
1063 609 1146 652 mors

135 683 309 760 abstulerat,
324 678 511 757 subrogando
525 686 676 739 certamen
689 680 820 739 incessit.
848 676 1041 739 Germanicus
1056 688 1146 758 atque

135 772 249 832 Drusus
273 762 356 852 (nam
379 770 466 827 etiam
485 773 548 827 tum
567 767 677 827 Romae
696 763 794 847 erant)
812 766 966 827 Haterium
985 768 1146 846 Agrippam

135 861 336 937 propinquum
350 854 518 916 Germanici
531 855 683 916 fovebant:
697 864 800 916 contra
814 855 950 935 plerique
964 855 1146 938 nitebantur,

108 955 170 1007 tut
187 963 330 1007 numerus
349 943 512 1005 liberorum
529 946 560 1003 in
580 944 743 1004 candidatis
762 942 970 1024 praepolleret,
995 944 1073 1023 quod
1097 945 1145 1005 lex

134 1034 263 1096 iubebat.
294 1032 457 1093 laetabatur
476 1032 627 1112 Tiberius,
648 1051 716 1093 eum
737 1034 815 1092 inter
836 1032 912 1092 lilios
931 1035 995 1093 eius
1015 1042 1045 1093 et
1064 1033 1145 1112 leges

135 1131 255 1184 senatus
270 1121 456 1201 disceptaret
484 1123 561 1181 victa
576 1123 699 1181 estsine
714 1120 804 1181 dubio
818 1120 879 1199 lex,
899 1121 952 1181 sed
971 1139 1068 1200 neque
1087 1130 1145 1182 sta-

135 1214 189 1273 tim
203 1218 233 1272 et
246 1212 349 1289 paucis
363 1209 524 1289 suffragiis,
538 1227 597 1288 quo
611 1210 698 1270 modo
714 1211 811 1289 etiam,
825 1227 893 1270 cum
907 1209 1047 1289 valerent,
1063 1208 1145 1288 leges

135 1300 339 1360 vincebantur.

201 1385 252 1450 52.
267 1387 377 1448 Eodem
392 1405 468 1447 anno
483 1395 621 1465 coeptum
635 1389 665 1447 in
680 1388 778 1447 Alrioa
793 1385 911 1466 bellum,
926 1386 1002 1447 duce
1012 1386 1145 1448 hostium

134 1478 328 1540 Tacfarinate.
355 1478 381 1536 is
395 1478 513 1537 natione
528 1476 664 1556 Numida,
677 1477 709 1536 in
723 1477 828 1536 castris
838 1474 977 1536 Romanis
991 1474 1145 1536 auxiliaria

135 1566 281 1646 stipendia
294 1567 434 1645 meritus,
447 1583 515 1625 mox
529 1565 678 1646 desertor,
692 1582 780 1642 vagos
794 1566 923 1643 primum
938 1573 968 1623 et
981 1563 1146 1624 latrociniis

135 1664 236 1717 suetos
255 1655 290 1715 ad
305 1655 444 1732 praedam
459 1661 489 1713 et
502 1660 605 1731 raptus
623 1669 816 1731 congregare,
835 1652 904 1713 dein
922 1670 1004 1712 more
1022 1651 1146 1714 militiae

109 1757 190 1823 aper
208 1741 313 1804 vexilla
330 1751 360 1803 et
378 1752 491 1802 turmas
509 1758 700 1820 componere,
723 1740 877 1818 postremd
899 1758 960 1801 non
978 1742 1146 1801 inconditae

136 1833 255 1910 turbae,
274 1829 325 1890 sed
340 1829 584 1890 Musulamiorum
598 1828 658 1889 dux
672 1827 784 1888 haberi
812 1828 907 1889 valida
921 1847 954 1889 ea
969 1847 1041 1907 gens
1056 1837 1086 1889 et
1100 1849 1147 1890 so-

136 1918 312 1998 litudinibus
322 1914 438 1977 Africae
451 1919 627 1996 propinqua,
641 1914 722 1977 nullo
737 1918 824 1976 etiam
839 1925 904 1977 tum
918 1917 1038 1978 rubium
1053 1918 1146 1999 cultu,

136 2009 216 2085 cepit
233 2023 313 2065 arma
332 2004 508 2083 Maurosque
530 2003 643 2064 accolas
661 2007 692 2064 in
711 2004 821 2065 bellum
841 2007 943 2067 traxit:
962 2007 1022 2066 dux
1041 2006 1146 2087 ethis,

136 2094 275 2172 Mazippa.
304 2093 475 2170 divisusque
495 2095 658 2172 exercitus,
678 2100 711 2154 ut
725 2093 894 2155 Tacfarinas
913 2093 1006 2155 lectos
1020 2096 1100 2154 viros
1116 2106 1147 2166 et

97 2199 123 2237 ιο
136 2183 301 2243 Romanum
313 2183 344 2240 in
358 2181 478 2240 modum
492 2189 620 2241 armatos
634 2184 740 2242 castris
758 2185 909 2261 attineret,
929 2180 1101 2261 disciplinae
1117 2192 1148 2244 et

136 2272 270 2351 imperiis
289 2276 452 2349 suesceret,
467 2269 598 2348 Mazippa
616 2269 674 2330 levi
693 2289 760 2331 cum
779 2273 864 2348 copia
881 2271 1017 2332 incendia
1037 2280 1068 2332 et
1082 2290 1146 2331 oae-

137 2360 189 2421 des
204 2367 234 2419 et
243 2367 389 2418 terrorem
398 2358 613 2419 circumferret.
637 2359 890 2437 conpulerantque
895 2358 1053 2439 ,Cinithios
1067 2360 1146 2420 haud

138 2448 334 2527 spernendam
351 2448 515 2526 nationem,
533 2449 565 2506 in
584 2447 699 2527 eadem,
718 2465 786 2508 cum
805 2442 914 2508 Furius
934 2447 1073 2509 Camillus
1091 2467 1146 2527 pro

137 2536 259 2597 consule
282 2535 397 2596 Africae
424 2534 571 2613 legionem
594 2545 623 2596 et
646 2535 724 2614 quod
747 2535 803 2596 sub
827 2538 920 2613 signis
943 2539 1092 2598 sociorum
1114 2540 1147 2596 in

98 2638 124 2678 1⁵
138 2643 232 2685 unum
246 2624 408 2685 conductos
422 2625 458 2684 ad
472 2622 589 2684 bostem
603 2624 701 2702 duxit,
720 2624 865 2685 modicam
880 2643 1013 2704 manum,
1032 2628 1058 2684 si
1072 2625 1147 2685 mul·

137 2712 296 2773 titudinem
314 2712 507 2773 Numidarum
526 2719 614 2792 atque
629 2711 798 2773 Maurorum
818 2721 983 2794 spectares,
1002 2714 1054 2775 sed
1074 2714 1148 2774 nihil

138 2819 232 2880 aeque
246 2801 404 2861 cavebatur
419 2819 506 2879 quam
521 2818 558 2861 ne
573 2801 682 2862 bellum
697 2809 778 2862 metu
797 2800 964 2863 eluderent:
984 2820 1036 2880 spe
1055 2804 1147 2863 victo-

137 2891 200 2949 riae
217 2889 333 2949 inducti
351 2895 421 2949 sunt
439 2898 473 2950 ut
490 2891 690 2950 vincerentur.
726 2891 818 2967 igitur
835 2890 912 2968 legio
931 2890 1043 2969 medio,
1067 2890 1147 2950 leves

139 2977 277 3038 cohortes
297 2975 431 3055 duaeque
450 2977 511 3037 alae
528 2979 560 3038 ln
575 2977 716 3038 cornibus
730 2977 874 3038 locantur.
908 2996 963 3038 nec
977 2978 1148 3039 Tacfarinas

99 3080 126 3122 ao
138 3083 267 3145 pugnam
291 3064 472 3125 detrectavit
513 3066 574 3125 insi
594 3065 751 3145 Numidae,
774 3066 942 3145 multosque
965 3074 1033 3144 post
1055 3085 1148 3127 annos

139 3154 230 3215 Furio
248 3154 361 3215 nomini
380 3159 497 3231 parturn
512 3152 604 3214 decus
619 3153 748 3214 militiae.
775 3171 843 3214 nam
856 3162 926 3234 post
938 3155 1022 3215 illum
1036 3158 1150 3234 recipe·

211 3375 287 3446 522
307 3374 450 3430 auxiliaris
469 3374 584 3445 Lipsius
599 3378 604 3445 Ι
620 3382 636 3430 6
654 3374 885 3430 Musulamiorum
903 3377 1021 3434 better.-
1038 3378 1151 3433 musula

140 3447 277 3501 maiorum
293 3452 297 3516 Ι
312 3447 407 3502 ualido
425 3462 512 3516 agens
528 3446 533 3517 Ι
550 3452 584 3501 10
602 3444 769 3516 disciplinae
790 3447 924 3503 Plebenc:
944 3447 1096 3519 disciplina
1114 3453 1151 3517 cf.

142 3525 168 3586 1,
187 3523 230 3573 31.
249 3523 277 3586 2,
295 3523 337 3574 44.
358 3523 403 3588 13,
420 3522 464 3574 42.
485 3520 529 3586 15,
548 3522 592 3573 31.
612 3516 650 3571 H.
670 3520 699 3584 2,
718 3520 756 3571 32
772 3519 776 3568 Ι
794 3524 826 3572 12
846 3516 947 3572 cnitios
