2408 3870
109 177 174 243 248
462 174 630 232 CORNELII
647 175 765 230 Tacrrl

109 327 254 387 Thraecio
268 325 497 404 Bosporanoque
517 323 595 386 bello
615 342 720 386 recens
734 325 828 386 iessos
843 326 1052 406 iuvandosque
1069 337 1136 391 ret·

110 414 185 477 tulit
213 417 254 476 ita
267 414 379 476 tributa
392 416 424 474 in
439 415 675 492 quinquennium
691 416 822 475 remissa.

177 500 229 565 64.
243 503 279 563 M.
295 504 395 563 Asinio
410 501 456 562 Μ’.
471 501 563 562 Acilio
578 502 750 562 consulibus
766 505 958 563 mutationem
972 521 1085 565 rerum
1100 508 1134 567 in

111 593 242 654 deterius
265 591 403 670 portendi
426 593 576 671 cognitum
600 599 645 651 est
663 591 778 651 crebris
796 591 948 671 prodigiis.
985 595 1075 671 signa
1098 613 1134 656 ac

110 684 237 742 tentoria
257 680 382 740 militum
401 681 463 758 igni
482 677 601 739 caelesti
620 697 728 740 arsere.
764 680 880 759 fastigio
899 678 1040 759 Capitolii
1061 700 1134 743 exa-

111 788 178 831 men
198 772 296 848 apium
316 766 434 828 insedit.
462 766 603 828 biformes
621 767 772 828 bominum
787 778 891 847 partus
905 776 935 829 et
949 771 1014 829 suis
1029 770 1134 832 letum

84 876 97 917 a
112 859 237 938 editum,
256 860 305 918 eui
324 857 499 934 accipitrum
517 874 632 935 ungnes
650 859 790 917 inessent.
817 857 1032 918 numerabatur
1045 862 1136 921 inter

112 954 227 1008 ostenta
237 946 407 1006 deminutus
417 947 548 1005 omnium
559 947 783 1024 magistratuum
793 963 944 1026 numerus,
955 958 1134 1029 quaestore,

111 1035 212 1114 aedili,
235 1032 355 1094 tribuno
374 1051 408 1094 ac
425 1041 562 1112 praetore
581 1041 611 1094 et
629 1033 751 1094 consule
769 1052 880 1112 paucos
903 1036 980 1095 intra
1004 1049 1135 1098 menses

112 1123 268 1184 defunctis.
298 1122 398 1182 sedin
418 1125 577 1201 praecipuo
596 1141 704 1202 pavore
723 1123 896 1204 Agrippina,
915 1141 1019 1183 vocem
1039 1124 1133 1187 Clau-

113 1211 167 1292 dii,
186 1229 272 1290 qnam
288 1210 467 1272 temulentus
482 1214 604 1292 iecerat,
619 1209 704 1270 latalc
719 1210 777 1271 sibi
791 1220 825 1272 ut
839 1215 1000 1290 coniugum
1014 1213 1133 1293 ilagitia

73 1301 217 1379 1oierret,
236 1299 304 1360 dein
319 1301 451 1379 puniret,
466 1307 614 1379 metuem,
629 1317 715 1378 agere
731 1307 761 1360 et
775 1300 905 1360 celerare
920 1302 1038 1380 statuit,
1061 1321 1133 1382 per-

113 1389 173 1449 dita
191 1390 275 1467 prius
294 1387 419 1450 Domitia
437 1388 547 1467 lepida
571 1387 765 1448 muliebribus
789 1391 900 1469 causis,
924 1391 993 1467 quia
1012 1389 1133 1469 Lepida

112 1481 227 1538 minore
250 1478 374 1538 Antonia
398 1478 509 1558 genita,
537 1477 681 1538 avunculo
705 1478 851 1558 Augusto,
875 1479 1057 1555 Agrippinae
1085 1499 1133 1541 so·

112 1567 198 1627 brina
211 1568 294 1645 prior
308 1584 341 1626 ac
356 1566 447 1626 Gnaei
461 1567 559 1626 mariti
577 1567 641 1625 eius
660 1582 758 1645 soror,
777 1584 878 1644 parem
897 1564 955 1626 sibi
973 1566 1134 1630 claritudi-

113 1674 180 1716 nem
200 1653 346 1715 credebat.
383 1672 438 1715 nec
461 1654 554 1714 lorma
573 1661 653 1714 aetas
672 1671 743 1732 opes
762 1653 887 1715 multum
907 1653 1075 1738 distabant3
1103 1665 1133 1719 et

71 1759 99 1800 15
114 1753 239 1822 utraque
254 1742 407 1822 inpudica,
425 1743 555 1820 infantis,
571 1742 708 1818 violenta,
723 1742 801 1802 baud
817 1744 915 1803 minus
929 1744 1009 1803 vitiis
1024 1761 1134 1807 aemu-

113 1832 258 1912 labantur,
273 1849 360 1910 quam
375 1834 400 1891 si
415 1848 472 1908 qua
487 1848 522 1888 ex
537 1831 654 1890 lortuna
668 1849 810 1909 prospera
824 1839 1008 1910 acceperant.
1033 1837 1134 1896 enim-

114 1939 183 1982 vero
203 1928 352 1982 certamen
372 1920 563 1999 acerrimum,
582 1921 669 1979 amita
688 1921 787 1997 potius
807 1937 844 1980 an
863 1928 957 1980 mater
976 1921 1058 2000 apud
1074 1922 1134 1984 Ne-

114 2027 217 2070 ronem
230 2007 426 2087 praevaleret:
440 2025 506 2066 nam
521 2006 632 2085 Lepida
645 2006 853 2069 blandimentis
868 2027 901 2068 ac
916 2007 1136 2087 largitionibus

113 2096 272 2158 iuvenilem
287 2097 416 2155 animum
431 2094 623 2176 devinciebat,
638 2097 717 2157 truci
731 2105 834 2157 contra
849 2115 882 2157 ac
897 2099 1006 2186 minagi
1019 2097 1134 2181 Agrip-

72 2202 100 2242 ro
113 2187 191 2265 pina,
202 2202 277 2264 quae
287 2183 345 2243 lilio
356 2183 426 2243 dare
436 2186 601 2264 imperium,
612 2183 737 2245 tolemre
747 2186 965 2263 imperitantem
973 2188 1136 2265 nequibat.

177 2270 227 2334 65.
242 2272 380 2333 Ceterum
396 2271 510 2332 obiecta
525 2280 602 2352 sunt,
618 2273 696 2352 quod
712 2275 868 2351 coniugem
881 2275 1026 2353 principis
1038 2276 1135 2340 devo-

114 2362 245 2422 tionibus
268 2362 420 2439 petivisset
444 2360 581 2440 quodque
605 2379 709 2440 parum
732 2363 870 2423 coercitis
888 2358 942 2440 pier
961 2361 1134 2428 Calabriam

115 2468 268 2511 servornm
291 2450 458 2528 agminibus
476 2467 578 2528 pacem
597 2448 695 2510 ltaliae
715 2448 857 2511 turbaret.
895 2451 933 2510 ob
951 2451 1024 2511 baec
1044 2471 1136 2517 mors

115 2540 238 2619 indicta,
258 2538 383 2600 multum
403 2539 576 2599 adversante
590 2538 741 2617 Narcisso,
761 2540 812 2616 qui
826 2539 1018 2618 Agrippinam
1032 2547 1136 2623 magis

87 2631 267 2708 amagisque
296 2635 470 2706 suspectans
496 2629 678 2705 prompsisse
701 2628 779 2686 inter
802 2629 951 2704 proximos
975 2627 1137 2694 ferebatur

117 2725 228 2778 certam
243 2715 300 2776 sibi
314 2717 486 2796 perniciem,
501 2732 555 2777 seu
569 2714 757 2775 Britannicus
772 2732 873 2775 rerum
889 2734 941 2776 seu
951 2714 1030 2776 Nero
1046 2729 1136 2798 pote·

116 2815 214 2884 retur,
229 2822 331 2864 verum
345 2807 386 2865 ita
400 2803 436 2864 de
452 2821 483 2864 sc
498 2806 637 2864 meritum
651 2802 814 2882 Caesarem,
829 2812 863 2864 ut
877 2805 964 2864 vitam
978 2808 1049 2866 usui
1067 2813 1137 2871 eius

116 2893 300 2972 inpenderet.
338 2895 500 2953 convictam
520 2890 704 2952 Messalinam
723 2898 753 2951 et
772 2891 891 2971 Silium3
914 2910 1001 2971 pares
1019 2896 1137 2960 iterum

116 2980 276 3044 accusandi
295 2998 398 3041 causas
418 2998 496 3060 esse,
516 2981 541 3040 si
559 2978 637 3039 Nero
656 2981 853 3061 imperitaret;
872 2980 1043 3043 Britannico
1066 3004 1136 3048 suc-

188 3239 233 3307 64,
250 3247 263 3294 1
283 3238 319 3294 Μ.
339 3239 436 3294 Asinio
456 3238 630 3294 Vertraovius:
649 3236 791 3292 masilinio
807 3237 812 3310 l
826 3236 873 3294 M!
891 3237 982 3293 Acilio
1001 3241 1137 3301 Ernmta':

116 3311 230 3367 manilio
246 3314 250 3377 Ι
267 3317 283 3365 3
297 3309 443 3380 fastigium
453 3309 612 3380 Nipperdey
628 3312 632 3377 Ι
647 3311 789 3378 tparobua
802 3309 805 3382 l
817 3308 890 3364 fetus
901 3309 993 3364 editus
1004 3310 1137 3385 capsace,

116 3382 206 3438 fetum
224 3380 332 3436 editum
350 3396 411 3435 esse
425 3379 563 3434 creditum
577 3380 708 3452 Medcip;
725 3381 760 3447 ef.
775 3380 809 3435 G.
823 3381 922 3435 Okmm
936 3383 968 3436 dc
981 3383 1137 3457 breviloqu.

119 3453 185 3510 Tac.
196 3471 226 3522 p.
237 3457 275 3508 87
291 3459 295 3522 Ι
312 3459 326 3508 7
342 3451 429 3506 aelidi
443 3450 545 3522 (aedile
554 3451 655 3520 Ritter)
672 3466 676 3521 ι
694 3456 725 3506 11
740 3450 866 3505 Domitia
875 3449 983 3520 Lepida
996 3452 1138 3514 Ptolem:

117 3523 264 3580 domitiala
279 3526 285 3594 Ι
300 3539 357 3590 qna
372 3523 377 3594 Ι
394 3529 426 3579 13
444 3522 533 3594 prior]
550 3522 666 3592 propior
689 3522 852 3579 Vertram'us
