2392 3876
300 182 348 236 AB
368 181 528 238 Excusso
547 182 702 239 AUGUSTI
720 184 766 239 111.
786 125 905 240 31-34.¹
1046 187 1108 251 101

167 329 218 394 33.
237 332 319 393 Inter
333 350 408 411 quae
425 332 551 394 Severus
566 331 690 393 Caecina
709 335 838 414 censuit,
857 351 894 393 ne
914 351 1003 412 quem
1021 337 1110 413 magi·

101 428 236 501 stratum,
251 422 300 481 cui
314 422 466 500 provincia
481 420 662 501 obvenisset,
677 439 752 481 uxor
766 424 971 502 comitaretur,
984 423 1109 482 multum

101 518 168 570 ante
183 512 310 588 repetito
325 509 503 570 concordem
517 509 574 570 sibi
588 512 745 588 coniugem
759 519 789 571 et
803 529 854 570 sex
868 519 971 589 partus
986 513 1110 592 enixam,

102 616 192 678 seque
213 616 287 677 quae
307 600 337 659 in
356 597 508 677 publicum
528 604 672 659 statueret
690 597 769 658 domi
788 601 963 681 servavisse,
982 599 1110 660 cohibita

99 690 177 748 intra
198 686 324 768 ltaliam,
343 704 520 765 quamquam
538 689 602 765 ipse
621 687 716 766 pluris
733 705 788 766 per
805 689 972 766 provincias
987 688 1137 766 quadra-s

100 777 180 854 ginta
195 775 342 853 stipendia
358 774 542 854 explevisset.
566 775 644 836 baud
660 778 739 836 enim
752 778 863 836 trustra
877 775 1017 855 placitum
1032 775 1110 857 olim,

99 883 137 925 ne
152 865 278 923 feminae
294 866 325 923 in
340 866 437 924 socios
452 871 503 925 aut
516 871 619 942 gentes
633 872 771 925 externas
783 863 993 925 traherentur:
1012 867 1109 949 inesse

100 950 259 1012 mulierum
287 953 440 1012 comitatui
468 970 543 1032 quae
570 970 673 1031 pacem
700 952 772 1013 luxu
779 999 788 1034 ,
814 952 925 1013 bellum
953 952 1110 1012 formidine

101 1047 256 1100 morentur
284 1048 314 1100 et
340 1039 503 1101 Romanum
536 1059 640 1119 agmen
672 1041 708 1101 ad
742 1040 964 1102 similitudinem
992 1040 1111 1100 barbari

100 1121 235 1190 incessus
266 1136 447 1190 convertant.
493 1147 553 1190 non
582 1128 752 1190 inbecillum
781 1137 895 1190 tantum
924 1137 955 1189 et
976 1131 1109 1208 inparem
1125 1144 1150 1183 10

99 1216 250 1278 laboribus
283 1235 398 1298 sexum,
437 1216 488 1278 sed
503 1269 506 1276 .
522 1219 548 1277 si
579 1217 697 1278 licentia
729 1218 818 1296 adsit,
852 1236 984 1298 saevum,
1021 1217 1110 1277 ambi-

99 1308 222 1385 tiosum,
251 1308 406 1384 potestatis
430 1305 561 1385 avidum3
589 1305 727 1365 incedere
750 1307 829 1366 inter
851 1305 974 1385 milites,
1001 1305 1111 1366 habere

101 1394 136 1453 ad
160 1411 280 1453 manum
308 1394 513 1472 centuriones,
540 1392 726 1472 praesedisse
749 1410 845 1471 nuper
867 1393 1005 1453 feminam
1030 1411 1111 1452 exer·

101 1483 171 1541 citio
196 1480 375 1560 cohortium,
404 1480 533 1541 decursu
557 1479 731 1564 legionum„
759 1483 924 1558 cogitarent
946 1483 1016 1560 ipsi,
1041 1499 1111 1558 quo·

99 1571 177 1630 tiens
215 1568 447 1647 repetundarum
483 1568 574 1646 aliqui
610 1576 818 1649 arguerentur,
854 1568 940 1646 plura
969 1568 1111 1629 uxoribus
1126 1583 1151 1624 15

101 1657 259 1718 obiectari:
295 1657 342 1717 bis
375 1658 473 1717 statim
505 1657 716 1718 adhaerescere
744 1657 937 1718 deterrimum
965 1675 1112 1736 quemque

100 1744 341 1826 provincialium,
371 1744 407 1805 ab
438 1745 484 1805 bis
515 1748 630 1824 negotia
661 1747 773 1825 suscipi
779 1792 788 1825 ,
818 1747 955 1826 transigi3
986 1745 1111 1806 duorum

101 1851 240 1912 egressus
264 1833 334 1914 coli,
362 1833 420 1894 duo
449 1851 514 1894 esse
543 1836 703 1915 praetoria,
729 1833 935 1912 pervicacibus
962 1836 1055 1911 magis
1084 1842 1113 1894 et

101 1921 305 2000 inpotentibus
329 1920 488 1982 mulierum
511 1923 614 2002 iussis,
638 1940 713 2001 quae
737 1921 841 2001 Oppiis
865 1922 1012 2001 quondam
1036 1921 1112 1982 aliis·

101 2029 158 2090 que
179 2010 293 2088 legibus
313 2012 505 2091 constrictae,
523 2028 603 2070 nunc
621 2010 725 2071 vinclis
745 2009 886 2072 exsolutis
906 2010 1020 2090 domos,
1040 2011 1111 2091 lora,
1126 2026 1153 2067 20

97 2101 154 2159 iam
169 2107 199 2159 et
213 2100 362 2159 exercitus
376 2105 522 2177 regerent.
714 2172 730 2188 ο
1166 2169 1171 2178 Ι

102 2243 104 2245 ,
167 2184 217 2248 34.
236 2184 402 2247 Paucorum
420 2187 494 2248 haee
513 2186 645 2247 adsdnsu
660 2187 771 2249 andita:
789 2188 891 2267 plures
906 2187 1111 2268 obturbabant,

98 2293 195 2354 neque
210 2271 335 2336 rel‘atum
350 2274 386 2335 de
401 2278 520 2354 negotio
536 2293 633 2354 neque
649 2275 804 2337 Caecinam
818 2276 940 2355 dignum
952 2283 1052 2336 ‘tantae
1067 2278 1112 2336 rei

99 2381 261 2424 censorem.
304 2381 372 2424 mox
397 2362 531 2424 Valerius
558 2363 746 2444 Messalinus,
773 2365 821 2424 cui
846 2382 954 2443 parens
978 2363 1111 2425 Messalla

100 2454 256 2530 ineratque
274 2453 370 2530 imago
389 2459 530 2530 paternae
549 2451 715 2533 facundiae,
740 2452 894 2531 respondit
917 2451 1008 2512 multa
1032 2452 1111 2512 duri-

101 2542 159 2601 tiae
174 2549 308 2600 veterum
319 2543 351 2600 in
360 2539 467 2600 melius
477 2547 508 2600 et
519 2539 625 2600 laetius
634 2548 758 2620 mutata3
773 2558 870 2618 nequo
885 2541 972 2620 enim,
987 2546 1020 2600 ut
1033 2538 1138 2620 olim,s

101 2627 233 2688 obsideri
251 2626 357 2688 urbem
375 2626 461 2687 bellis
480 2634 531 2688 aut
549 2630 715 2706 provincias
732 2627 850 2690 hostilis
869 2644 942 2687 esse.
971 2634 1000 2687 et
1017 2645 1111 2706 pauca

100 2715 278 2774 feminarum
293 2714 521 2775 necessitatibus
536 2716 667 2795 concedi,
682 2735 756 2795 quae
770 2734 808 2776 ne
823 2717 982 2794 coniugum
992 2715 1111 2795 quidem

98 2808 236 2881 penateS,
258 2801 331 2862 adeo
353 2804 449 2862 socios
464 2820 524 2864 non
538 2811 675 2882 onerent3
697 2811 795 2864 cetera
809 2805 956 2882 promisca
970 2823 1038 2865 cum
1052 2823 1111 2866 nta-

97 2892 156 2950 rito
182 2908 237 2950 neo
262 2889 354 2950 ullum
375 2891 406 2950 in
428 2909 463 2951 eo
482 2892 565 2969 pacis
583 2891 836 2970 impedimentum.
868 2891 943 2953 bella
961 2893 1047 2972 plane
1066 2912 1112 2953 ac·

99 2981 206 3040 cinctis
220 2978 369 3040 obeunda:
389 2979 441 3040 sed
461 2979 680 3041 revertentibus
698 2987 767 3061 post
784 2980 915 3042 laborem
930 2982 1007 3060 quod
1022 2982 1153 3042 bone-10

99 3069 176 3128 stius
192 3085 279 3147 quam
294 3069 432 3128 lixorium
447 3065 665 3130 levamentum?
678 3077 708 3130 at
722 3070 863 3148 quasdam
876 3072 908 3130 in
922 3069 1112 3130 ambitionem

96 3163 148 3216 aut
163 3158 315 3217 avaritiam
331 3155 492 3235 prolapsas.
517 3154 611 3236 quid?
627 3160 760 3236 ipsorum
774 3161 1000 3237 magistratuum
1014 3175 1111 3218 nonne

96 3243 256 3323 plerosque
276 3246 365 3305 variis
380 3243 553 3306 libidinibus
569 3243 736 3307 obnoxios?
754 3265 813 3308 non
828 3256 926 3308 tamen
940 3246 1007 3305 idco
1022 3247 1112 3306 nemi-

71 3394 73 3398 ’
167 3379 214 3446 tte,
235 3385 252 3433 4
271 3396 286 3434 e
306 3379 410 3434 duritie
429 3380 545 3436 Ernesti
561 3381 691 3446 malebat,
711 3397 729 3435 a
747 3380 850 3435 duritie
875 3381 1017 3444 Muretus,
1037 3380 1071 3445 es.
1087 3384 1113 3446 3,

95 3452 139 3515 55,
159 3452 199 3504 20
217 3450 308 3504 multa
326 3451 420 3505 laudis
441 3454 470 3506 et
488 3449 591 3505 artium
607 3454 611 3521 Ι
628 3458 643 3506 a
661 3451 692 3504 in
710 3453 773 3507 adel.
790 3453 919 3506 Muretus
934 3454 970 3522 16
991 3449 1114 3505 obsideri

98 3535 168 3575 cerr.
190 3535 223 3576 ea
242 3520 370 3577 obsidere
391 3521 530 3593 (adsidere
548 3522 652 3590 Haase,
671 3521 794 3576 adsideri
811 3521 919 3592 Baiter)
