2392 3876
265 163 313 218 AB
332 161 492 218 EXCESSU
514 161 672 218 AUGUSTI
689 161 735 216 XI.
755 168 868 218 25-29.
1014 161 1079 226 213

72 314 175 395 verba,
189 313 321 394 subisse,
333 314 514 374 sacriticasse
529 311 606 390 apud
621 312 710 392 deos,
725 310 998 372 discubitumiater
1012 329 1080 372 con·

72 406 160 483 vivas,
175 403 276 464 oscula
289 401 474 481 complexus,
492 408 612 460 noctem
625 400 752 478 denique
768 407 864 460 actam
877 400 996 460 licentia
1011 417 1079 460 con·

73 491 170 595 iugali
207 491 259 552 sed
278 490 351 553 nibil
369 491 569 568 compositum
584 487 719 550 miraculi
738 506 838 569 causa,
859 506 963 549 verum
982 487 1082 549 audita

74 583 153 659 scrip
155 588 243 658 taque
258 578 430 640 senioribus
440 578 562 639 modam.

140 665 191 730 28.
205 667 299 747 Igitur
313 668 421 728 domus
432 667 576 746 principis
590 665 781 727 inhorruerat
784 668 993 768 ,maximeque
1008 625 1082 744 quos

73 776 165 837 penes
179 758 310 837 potentia
330 765 373 837 et,
392 758 418 817 si
436 773 485 816 ses
503 762 704 835 verterentur,
723 755 869 836 formido,
882 773 942 815 non
960 756 1020 815 iam
1038 771 1082 814 se-

74 849 165 908 cretis
179 846 358 924 conloquiis,
372 844 424 905 sed
438 851 539 922 aperte
554 843 693 924 lremere,
708 844 778 904 dum
792 843 898 905 histrio
913 841 1086 904 cubiculum

74 937 219 1014 principis
233 932 426 1012 insultaverit,
441 932 569 992 dedecus
584 932 704 1011 quidem
717 931 859 1014 inlatum,
869 932 921 993 sed
935 931 1084 993 excidium

75 1022 180 1101 procul
202 1021 325 1082 aluisse:
348 1039 428 1081 saruc
450 1022 587 1080 iuvenem
605 1020 734 1081 nobilem
752 1021 894 1099 dignitate
913 1020 1037 1100 formae,
1055 1021 1111 1078 vis

76 1113 185 1171 mentis
207 1128 241 1171 ac
265 1111 436 1188 propinquo·
458 1107 612 1169 consulatu
635 1112 779 1170 maiorem
796 1110 833 1170 ad
851 1127 935 1188 spem
954 1109 1084 1188 adelogi3

76 1218 131 1260 nec
146 1200 225 1260 enim
240 1197 402 1279 occultum,
422 1197 492 1276 qnid
512 1204 579 1275 post
598 1196 657 1257 tale
669 1199 890 1258 matrimonium
905 1205 1084 1277 superesset.

77 1287 196 1348 subibat
218 1289 282 1348 sine
305 1286 395 1347 dubio
419 1292 516 1346 metus
535 1292 708 1363 reputantes
726 1284 864 1347 hebetem
882 1285 1036 1347 Claudium
1056 1293 1086 1344 et

77 1379 164 1437 uxori
187 1375 357 1437 devinctum
380 1373 546 1453 multasrpre
566 1382 677 1434 mortes
695 1377 777 1435 iussn
799 1373 970 1434 Messalinae
989 1383 1086 1453 patra-

78 1475 135 1524 tas:
155 1481 260 1524 rursus
274 1466 338 1541 ipsa
352 1462 477 1523 facilitas
491 1464 678 1540 imperatoris
692 1462 830 1522 fiduciam
849 1461 948 1542 dabat,
967 1465 995 1522 si
1011 1469 1086 1522 atro
1100 1479 1127 1520 1o

78 1555 167 1613 citate
182 1553 315 1612 oriminis
328 1550 573 1630 praevaluissent,
592 1567 678 1627 posse
698 1552 825 1629 opprimi
839 1551 1005 1611 damnatam
1020 1559 1087 1610 ante

79 1659 167 1720 quam
181 1658 275 1720 ream3
294 1639 346 1699 sed
360 1641 392 1699 in
406 1657 440 1700 eo
455 1640 615 1710 discrimen
629 1641 718 1720 verti,
738 1641 765 1699 si
779 1639 911 1699 defensio
926 1639 1088 1720 audiretur,

79 1738 172 1808 utque
187 1727 303 1789 clausae
318 1746 405 1789 aures
421 1730 508 1789 etiam
523 1728 678 1789 confitenti
689 1728 795 1788 forent.

146 1815 197 1879 29.
216 1817 257 1877 Ac
271 1819 367 1895 primo
382 1815 530 1898 Callistus,
542 1819 600 1876 iam
615 1816 688 1877 mibi
701 1819 780 1877 circa
793 1835 897 1877 necem
914 1818 974 1877 Gai
986 1817 1088 1877 Caesa·

74 1908 122 1988 ris
142 1913 293 1985 narratus,
316 1904 346 1966 et
364 1904 513 1984 Appianae
534 1905 632 1965 caedis
653 1904 771 1965 molitor
790 1904 946 1966 Narcissus
965 1905 1087 1984 flagran-

80 1996 252 2074 tissimaque
271 2012 307 2054 eo
325 1995 356 2054 in
374 2001 507 2072 ternpore
526 1995 619 2072 gratia
637 1993 731 2054 Pallas
749 1995 910 2076 agitavere,
928 2012 1000 2055 num
1014 1993 1089 2054 bles-

80 2084 207 2144 salinam.
222 2077 345 2144 secretis
368 2085 458 2143 minis
479 2081 661 2161 depellerent
684 2099 783 2144 amore
803 2082 881 2164 Silii,
903 2091 1010 2144 cuncta
1034 2082 1090 2144 alia

79 2172 307 2245 dissimulantes.
329 2171 398 2232 dein
411 2179 501 2253 metu,
516 2190 554 2232 ne
568 2172 608 2232 ad
618 2173 782 2250 perniciem
797 2171 874 2232 ultno
889 2171 1115 2253 traherentur,s

81 2259 241 2339 desistunt,
259 2259 353 2320 Pallas
371 2278 426 2338 per
443 2262 606 2340 ignaviam,
621 2260 758 2321 Callistus
777 2262 885 2338 prioris
905 2279 1024 2340 qnoque
1043 2279 1089 2321 re·

82 2351 145 2427 giae
159 2350 274 2426 peritus
288 2356 322 2408 et
331 2351 497 2427 potentiam
507 2351 602 2410 cautis
617 2367 704 2427 quam
718 2348 837 2409 acribus
852 2349 983 2410 consiliis
996 2352 1091 2411 tutius

81 2436 197 2497 haberi:
220 2438 352 2516 perstitit
369 2436 542 2516 Narcissus,
559 2445 605 2497 set
622 2436 718 2497 solum
736 2437 766 2496 id
785 2439 957 2519 immutans,
975 2456 1013 2498 ne
1032 2457 1091 2517 qno

83 2543 218 2585 sermone
237 2526 400 2603 praesciam
419 2526 551 2584 criminis
571 2531 600 2584 et
619 2527 799 2585 accusatoris
818 2525 937 2586 laceret.
967 2527 1032 2603 ipse
1055 2524 1091 2585 ad

83 2614 254 2673 occasiones
272 2615 419 2693 intentus,
438 2610 524 2690 longa
538 2611 616 2690 opud
630 2609 743 2673 Ostiam
756 2611 892 2673 Caesaris
903 2629 999 2693 mora,
1019 2612 1093 2674 duas
1106 2629 1132 2670 ιο

83 2698 223 2780 paelices,
239 2717 364 2778 quarum
377 2702 404 2760 is
418 2701 537 2778 corpori
551 2701 676 2759 maxime
691 2702 873 2781 insueverat,
887 2699 1042 2780 largitione
1057 2720 1091 2763 sc

83 2789 238 2867 promissis
252 2794 282 2848 et
295 2806 388 2848 uxore
402 2788 516 2849 deiecta
529 2787 596 2868 plus
610 2790 762 2866 potentiae
774 2790 948 2850 ostentando
962 2790 1093 2870 perpulit

84 2874 260 2937 delationem
276 2875 384 2936 subire.

147 3079 200 3151 27,
220 3081 363 3136 6snbisse
390 3081 548 3163 flainmeum
581 3083 688 3140 Urlichs
710 3085 768 3141 coll.
789 3089 961 3154 15,37,18,
984 3084 1093 3154 templa

84 3124 200 3207 subisse
206 3152 340 3208 Heinsius
341 3153 490 3224 ,nupsisse
503 3154 619 3224 Lipsius
634 3157 638 3222 1
654 3154 700 3221 28,
715 3161 733 3208 2
749 3155 910 3209 naberentur
925 3156 930 3224 1
945 3103 1093 3209 71777177-

82 3222 156 3276 verit
182 3224 221 3279 ed.
241 3224 282 3278 Br'
301 3196 355 3279 777.
382 3222 544 3279 exultabam
569 3224 816 3293 (exndnlteraverit
842 3225 964 3295 Note
990 3225 1040 3279 sed
1064 3227 1096 3280 et

84 3293 203 3347 scidinm
233 3311 263 3349 sc
302 3293 479 3367 dissidium[
480 3297 561 3350 immo
569 3228 729 3350 (discidium
757 3297 910 3367 Ρ71777777)
905 3226 1096 3369 17771ἲυὶ7771

83 3363 247 3419 formae·
242 3367 336 3435 psius·
355 3366 453 3432 forma,
468 3296 506 3432 77.
527 3371 573 3436 12,
588 3372 634 3434 51,
646 3369 702 3436 131
736 3365 867 3436 ,lGai
878 3300 948 3423 77777.
964 3365 1096 3422 Faernus

87 3435 90 3504 1
107 3441 123 3489 8
142 3437 264 3491 seinos:
283 3437 316 3490 ut
335 3439 376 3508 (st
392 3438 454 3492 Joc.
471 3409 637 3506 Gronovius)
627 3440 657 3508 11
674 3369 702 3493 9Ι
705 3439 880 3492 accusatores
896 3441 901 3510 1
918 3444 951 3493 12
965 3435 1095 3508 potentia

84 3520 131 3558 eos
150 3506 314 3574 temptando
330 3510 335 3578 1
350 3506 480 3578 perculit,
498 3525 544 3564 ern.
565 3507 732 3564 1777777777
