2392 3876
248 219 296 272 AB
314 217 475 273 Excusso
494 217 652 273 sucossi
668 216 740 273 xlv.
761 224 874 274 11-11.
1001 219 1063 284 291

55 371 152 451 1111111;
172 387 246 449 quos
260 369 320 429 lato
334 369 507 447 perfunctos
521 385 559 429 ne
573 369 747 429 nominatim
762 367 883 449 tradam,
902 366 1064 428 maioribus

55 477 158 520 eorum
177 457 368 518 tribuendum
385 465 466 536 puto.
499 474 567 517 nam
586 459 698 518 eteius
717 456 861 535 llagitium
875 464 930 538 est,
949 459 1000 536 qui
1014 473 1064 534 pe-

55 550 173 610 cuniam
186 546 224 607 ob
239 546 345 607 delicta
358 548 457 624 potius
472 545 561 626 dedit,
581 563 669 625 quam
683 563 720 606 ne
735 544 950 625 delinquerent.
979 553 1065 604 notos

55 655 172 716 quoque
191 637 306 715 equites
325 633 472 696 Romanos
494 652 599 713 operas
622 652 727 695 arenae
749 635 925 713 promittere
948 633 1073 710 subegit,

55 728 140 787 donis
153 723 332 805 ingentibus,
351 725 409 784 nisi
425 723 504 802 quod
517 741 633 784 merces
647 723 683 784 ab
702 741 747 805 eo,
766 725 817 803 qui
835 722 939 784 iubere
957 730 1064 803 potest,
1079 740 1104 778 13

54 818 114 876 vim
127 815 314 875 necessitatis
328 811 432 872 adlert

123 900 172 964 15.
190 901 234 962 Ne
252 909 352 961 tamen
367 899 461 961 adhuc
476 899 594 979 publico
609 900 725 962 theatro
744 900 1004 981 dehonestaretur,
1022 902 1065 959 in-

55 993 152 1052 stituit
174 988 260 1050 ludos
283 987 464 1049 Iuvenalium
482 988 637 1070 vocabulo,
661 992 692 1050 in
715 1007 790 1069 quos
813 991 924 1069 passim
947 990 1066 1049 nomina

56 1081 130 1139 data.
158 1096 219 1138 non
233 1077 370 1138 nobilitas
384 1079 537 1158 cuiquam,
555 1095 615 1138 non
634 1086 715 1139 aetas
734 1086 789 1142 aut
799 1080 858 1139 acti
870 1079 999 1139 honores
1013 1079 1066 1137 im-

50 1168 238 1247 pedimento,
256 1184 314 1245 quo
329 1167 428 1226 minus
442 1165 547 1226 Graeci
561 1165 692 1227 Latinive
706 1165 860 1227 histrionis
875 1175 970 1241 artem
983 1185 1066 1226 exer-

56 1264 158 1318 cerent
172 1273 267 1334 usque
281 1255 317 1314 ad
331 1263 433 1332 gestus
446 1255 609 1333 modosque
623 1254 702 1315 haud
716 1255 824 1316 viriles.
854 1258 926 1335 quin
941 1263 971 1315 et
985 1256 1066 1315 lemi-
1081 1272 1094 1312 1

56 1365 110 1406 nae
128 1344 270 1406 inlustres
289 1343 432 1403 deformia
450 1343 600 1423 meditari3
623 1350 833 1423 exstructaque
856 1344 934 1423 apud
954 1361 1067 1425 nemus,

57 1434 135 1512 quod
154 1433 250 1493 navali
269 1442 371 1510 stagno
393 1432 607 1510 circumposuit
625 1432 787 1512 Augustus,
811 1431 1015 1492 conventicula
1038 1440 1068 1492 et

56 1539 206 1600 cauponae
225 1529 255 1581 et
273 1521 370 1599 posita
389 1538 463 1581 veno
476 1521 665 1581 inritamenta
679 1518 770 1581 luxui.
798 1519 1002 1598 dabanturque
1017 1522 1067 1580 sti-

56 1629 122 1691 pes,
142 1628 215 1688 quas
237 1608 309 1669 boni
332 1610 523 1689 necessitate,
546 1610 778 1686 intemperantes
801 1607 894 1686 gloria
914 1626 1067 1668 consume-

56 1708 132 1759 rent.
160 1698 228 1758 inde
243 1696 368 1776 gliscere
382 1697 492 1776 llagitia
506 1705 536 1757 et
549 1697 681 1778 infamia,
700 1715 756 1757 nec
773 1696 831 1757 ulla
845 1696 978 1757 moribus
998 1696 1067 1757 olim
1083 1715 1107 1753 10

57 1788 206 1866 corruptis
220 1785 287 1865 plus
300 1785 457 1847 libidinum
471 1784 666 1846 circumdedit
679 1804 767 1865 quam
777 1785 826 1846 illa
836 1785 995 1846 conluvies.
1019 1788 1068 1846 vix

57 1875 171 1936 artibus
185 1873 317 1935 honestis
331 1875 429 1954 pudor
443 1869 603 1955 retinetur,
622 1875 732 1935 nedum
750 1877 829 1935 inter
848 1877 1008 1935 certamina
1028 1877 1067 1935 vi·

56 1968 167 2045 tiorum
180 1964 323 2043 pudicitia
337 1969 387 2024 aut
401 1963 545 2023 modestia
561 1971 611 2024 aut
630 1965 788 2042 quicquam
807 1963 893 2042 probi
911 1965 1003 2023 moris
1023 1982 1067 2023 re·

57 2063 232 2115 servaretur.
274 2059 457 2131 postremum
484 2054 548 2130 ipse
572 2069 708 2114 scaenam
730 2052 854 2131 incedit,
881 2051 974 2112 multa
997 2070 1068 2113 cura
1161 2106 1163 2110 .

56 2151 203 2221 temptans
222 2141 365 2201 citharam
383 2148 413 2200 et
431 2141 648 2220 praemeditans
667 2139 879 2202 adsistentibus
900 2140 1067 2220 phonascis.
1082 2159 1107 2199 15

56 2237 223 2291 accesserat
236 2229 343 2290 cohors
358 2229 494 2304 militum,
509 2232 699 2291 centuriones
709 2229 882 2308 tribunique
893 2237 923 2290 et
932 2247 1067 2291 maerens

56 2319 170 2379 Burrus
188 2336 222 2377 ac
241 2317 371 2379 laudans.
399 2325 530 2397 tuncque
548 2321 678 2396 primum
693 2320 855 2398 conscripti
869 2327 939 2379 sunt
953 2321 1068 2398 equites

56 2407 182 2468 Romani
200 2413 394 2484 cognomento
413 2407 676 2486 Augustianorum,
699 2415 794 2467 aetate
818 2425 851 2467 ac
873 2406 980 2469 robore
999 2426 1067 2468 con—

58 2497 162 2576 spicui,
176 2501 207 2554 et
220 2512 289 2573 pars
298 2496 417 2572 ingenio
427 2511 577 2574 procaces,
591 2494 640 2554 alii
650 2497 681 2553 in
691 2512 775 2573 spem
788 2497 946 2573 potentiae.
974 2497 995 2554 ii
1005 2496 1068 2555 dies

58 2604 91 2644 ac
114 2590 217 2644 noctes
234 2581 387 2661 plausibus
406 2599 576 2662 personare,
594 2582 720 2642 formam
742 2583 888 2661 principis
906 2601 1067 2662 vocemque
1083 2602 1109 2641 11

58 2674 146 2733 deum
164 2669 315 2731 vocabulis
334 2669 527 2750 appellantes,
552 2673 636 2748 quasi
653 2687 708 2748 per
727 2673 867 2731 virtutem
887 2669 959 2730 clari
978 2670 1067 2731 hono-

58 2762 173 2839 ratique
188 2777 283 2836 agere.

126 2846 175 2910 16.
189 2847 232 2908 Ne
247 2857 345 2908 tamen
360 2848 491 2907 ludicrae
506 2854 621 2908 tantum
637 2849 826 2925 imperatoris
841 2857 920 2909 artes
931 2857 1067 2910 notesce-

57 2947 132 3018 rent,
148 2938 314 3003 carminum
327 2954 445 3016 quoque
459 2935 591 2997 studium
605 2936 770 3016 adfectavit,
784 2942 945 2999 contractis
960 2938 1068 3016 quibus

57 3028 154 3106 aliqua
178 3025 327 3105 pangendi
350 3025 473 3086 facultas
499 3025 626 3086 necdum
649 3027 773 3104 insignis
802 3034 873 3088 erat.
914 3026 946 3087 hi
971 3030 1068 3088 cenati
1167 3096 1169 3100 ,

128 3217 174 3283 lo,
193 3212 407 3281 iiuuenilium,
431 3231 478 3270 cm
500 3214 669 3270 Puteolanus
685 3217 689 3284 Ι
706 3220 722 3269 5
740 3216 889 3284 motusque
907 3215 1065 3297 Hciamiusl

59 3294 91 3340 14
96 3258 263 3363 1331131113
274 3287 427 3355 (postremo
443 3285 570 3356 Lipsius)
586 3287 591 3354 1
608 3291 641 3340 15
653 3285 803 3354 phonascis
819 3287 915 3342 Muret
904 3292 960 3342 t:us
979 3285 1066 3341 facies

60 3359 62 3407 l
86 3364 118 3412 lo
137 3356 602 3426 31333313111,1111.ῑ1’1)31113117
625 3359 740 3426 tumque
764 3357 804 3412 M.
825 3356 926 3427 Haupt
942 3359 946 3427 Ι
964 3364 996 3412 18
1022 3374 1066 3412 co-

57 3430 224 3498 gnomentfl,
243 3446 290 3484 em.
312 3375 481 3484 ²Puteolanum
504 3427 545 3497 (in
563 3430 779 3499 cognomentum
802 3428 909 3497 Wurm)
934 3431 940 3500 l
965 3430 1068 3498 august

57 3504 195 3568 tanarum,
214 3517 261 3556 em.
280 3501 439 3571 Nipperdey
463 3501 468 3568 Ι
495 3505 526 3554 19
545 3498 576 3552 11
595 3515 673 3570 spem
690 3501 849 3555 Acidaliae:
877 3498 908 3554 11
933 3516 982 3570 spe
1006 3503 1066 3570 (spe

41 3571 215 3641 Muremsil
240 3571 286 3638 16,
300 3573 416 3626 berei
433 3569 462 3623 hi
482 3571 574 3625 cenati
593 3573 703 3641 scripsi:
737 3569 839 3625 aetatis
866 3572 927 3626 nobi
955 3573 1066 3640 (3111..

800 3660 853 3715 19*
