2392 3876
264 178 313 233 AB
331 175 491 234 Excussa
508 175 664 232 AUGUSTI
681 175 753 231 xm,
773 182 886 232 ea-aa.
1013 175 1077 239 273

70 337 250 410 querentur,
267 326 347 389 nulla
360 329 391 388 in
406 344 441 388 eo
456 327 567 388 utilitas
581 333 633 386 aut
651 326 756 405 gloria,
775 324 853 405 qued
873 333 957 404 capta
971 333 1080 386 essent.

72 418 201 506 adicitur
214 416 389 479 miraculum
403 414 484 477 velut
496 416 618 476 numine
633 413 777 475 oblatum:
795 432 862 474 nam
877 420 984 474 cuncta
998 413 1079 475 Arta·

72 509 149 567 xatis
168 514 255 567 tonus
274 504 335 566 sole
353 503 490 565 inlustria
508 505 606 586 fuere3
625 503 704 583 quod
722 502 878 563 moenibus
897 501 1079 583 cingebatur,
1094 514 1120 555 1⁵

73 601 196 674 repente
218 597 260 656 ita
282 602 345 655 atra
368 592 447 654 nube
471 600 644 671 coopertum
668 591 895 672 fulguribusque
919 591 1081 652 discretum

74 691 133 765 est,
151 691 185 745 ut
203 685 288 763 quasi
306 681 523 744 infensantibus
541 682 606 743 deis
625 682 715 742 exitio
733 681 811 742 tradi
830 679 1011 741 crederetur.
1043 677 1082 740 ob

72 773 145 833 haec
165 771 366 834 consalutatus
384 772 547 848 imperator
560 769 652 852 Nero,
671 777 701 830 et
719 777 840 831 senatus
859 768 993 830 consulto
1013 786 1081 846 snp-

73 860 248 940 plicationes
266 859 397 940 habitae,
414 866 588 938 statuaeque
607 866 638 920 et
655 877 742 920 arcus
756 866 787 920 et
801 860 935 919 continui
949 857 1081 919 consula-

72 958 123 1010 tus
141 950 283 1030 principi,
303 955 395 1026 utque
413 949 493 1008 inter
511 948 603 1008 festos
621 949 785 1009 referretur
800 947 876 1028 dies,
895 965 954 1027 quo
968 954 1083 1026 patrata
1097 958 1123 998 ²0

72 1038 209 1118 victoria,
235 1055 293 1115 quo
312 1037 460 1116 nuntiata,
478 1054 538 1115 quo
556 1036 682 1097 relatum
699 1036 736 1096 de
755 1055 789 1097 ea
808 1043 900 1117 esset,
918 1035 1033 1115 aliaque
1051 1038 1083 1096 in

74 1125 197 1186 eandem
221 1125 345 1185 formam
369 1123 584 1204 decernuntur,
607 1125 680 1185 adeo
702 1124 822 1186 modum
846 1142 977 1206 egressa,
1000 1132 1034 1186 ut
1052 1123 1083 1185 C.

74 1213 193 1276 Cassius
217 1213 253 1275 de
277 1215 386 1274 ceteris
408 1211 572 1274 bonoribus
595 1212 752 1294 adsensus,
775 1215 800 1274 si
823 1231 877 1292 pro
902 1213 1083 1294 benignitate

73 1305 209 1365 fortunae
225 1302 272 1363 dis
282 1311 381 1381 grates
390 1309 558 1382 agerentur,
573 1319 610 1362 ne
619 1307 716 1362 totum
726 1300 845 1380 quidem
854 1319 965 1362 annum
975 1302 1084 1382 suppli·

74 1392 242 1452 cationibus
256 1391 394 1451 sufficere
409 1390 597 1471 disseruerit,
616 1407 711 1469 eoque
726 1397 864 1468 oportere
879 1389 971 1451 dividi
984 1408 1084 1450 sacros
1099 1400 1125 1442 2⁶

75 1488 106 1539 et
124 1482 293 1557 negotiosos
311 1479 388 1560 dies,
408 1481 482 1558 quis
494 1478 590 1540 divina
609 1477 741 1539 colerent
760 1484 792 1539 et
808 1477 935 1540 bumana
954 1495 1013 1538 non
1032 1480 1085 1538 im·

74 1567 219 1648 pedirent.

142 1653 194 1717 42.
223 1655 318 1716 Variis
346 1655 453 1716 deinde
481 1654 598 1716 casibus
625 1658 750 1716 iactatus
778 1661 808 1716 et
834 1654 996 1717 multorum
1019 1655 1086 1716 odia

76 1747 201 1805 meritus
224 1762 307 1823 reus,
331 1742 409 1804 baud
431 1751 530 1805 tamen
554 1746 618 1805 sine
641 1742 750 1804 invidia
769 1741 899 1805 Senecae
922 1743 1086 1805 damnatur.

76 1836 103 1893 is
122 1833 179 1893 fuit
196 1831 228 1893 P.
248 1831 383 1910 Suillius,
405 1835 593 1911 imperitante
612 1831 734 1894 Claudio
757 1831 900 1893 terribilis
923 1850 956 1894 ac
975 1832 1087 1893 venalis

77 1929 108 1982 et
126 1923 289 1982 mutatione
308 1930 476 2001 temporum
499 1939 558 1981 non
582 1928 725 2001 qnantum
743 1923 856 1982 inimici
874 1929 1019 2000 cuperent
1037 1921 1087 1982 de·

76 2013 186 2072 missus
210 2011 321 2090 quique
346 2027 379 2070 se
401 2018 558 2071 nocentem
577 2010 671 2070 rideri
689 2027 777 2089 quam
796 2008 960 2089 supplicem
978 2008 1113 2071 mallet⁵

76 2101 140 2175 eius
160 2099 346 2178 opprimendi
361 2100 454 2176 gratia
469 2101 629 2178 repetitum
643 2098 821 2159 credebatur
835 2107 955 2160 senatus
969 2098 1086 2160 consul·

75 2197 139 2249 turn
154 2205 307 2266 poenaque
322 2187 440 2248 Cinciae
453 2187 527 2266 legis
541 2187 698 2249 adversum
713 2205 778 2265 cos,
797 2189 848 2267 qui
866 2189 963 2266 pretio
983 2205 1086 2249 causas

77 2278 248 2337 oravissent.
276 2293 332 2336 nec
347 2274 469 2351 Suillius
483 2284 591 2356 questu
605 2284 656 2337 aut
669 2275 897 2355 exprobratione
912 2275 1087 2357 abstinebat,

76 2370 196 2444 praeter
221 2365 362 2424 ferociam
380 2367 470 2426 animi
493 2372 623 2425 extrema
649 2372 767 2426 senecta
792 2364 868 2425 liber
890 2373 921 2425 et
944 2364 1086 2426 Senecam

76 2455 235 2532 increpans
248 2452 396 2513 infensum
411 2453 515 2512 amicis
529 2451 655 2532 Claudii,
673 2451 729 2512 sub
744 2470 802 2530 quo
816 2454 1012 2513 iustissimum
1027 2455 1085 2513 exi·
1100 2465 1126 2502 1⁰

77 2541 149 2601 lium
157 2541 338 2618 pertulisset.
357 2539 445 2600 simul
456 2539 561 2600 studiis
574 2539 722 2600 inertibus
737 2548 767 2600 ct
780 2543 920 2601 iuvenum
930 2542 1087 2618 inperitiae

78 2637 199 2689 suetum
221 2628 312 2688 livere
330 2630 380 2708 iis,
404 2630 457 2707 qui
475 2627 600 2688 vividam
619 2635 650 2688 et
668 2630 871 2706 incorruptam
890 2627 1087 2707 eloquentiam

78 2716 198 2778 tuendis
212 2714 325 2777 civibus
344 2723 526 2777 exercerent.
555 2734 587 2776 se
606 2724 793 2794 quaestorem
807 2716 986 2798 Germanioi,
1004 2715 1087 2779 illum

78 2806 185 2866 domus
199 2807 264 2866 eius
278 2803 444 2865 adulterum
459 2805 559 2865 fuisse.
582 2823 619 2865 an
629 2806 747 2884 gravius
757 2805 971 2867 aestimandum
981 2815 1087 2886 sponte

78 2894 234 2973 litigatoris
253 2895 416 2973 praemium
434 2893 575 2955 honestae
594 2911 702 2973 operae
717 2893 839 2973 adsequi
853 2912 941 2974 quam
955 2914 1087 2958 corrum·
1101 2907 1127 2946 1⁶

148 3098 195 3167 41,
210 3105 244 3154 14
256 3097 400 3154 Artaxatis
414 3102 495 3155 tenus
506 3100 664 3156 Acidaliae:
679 3103 758 3156 extra
770 3100 854 3156 tectis
869 3103 984 3156 actenus
998 3101 1089 3169 (extra

77 3169 162 3227 tectis
179 3172 262 3225 tenus
281 3170 409 3240 Lipsius,
429 3173 507 3227 oxtra
523 3170 607 3226 tectis
626 3187 660 3225 ac
677 3171 767 3242 portis
785 3174 867 3227 tenus
890 3171 1088 3238 Weissenborn,

78 3244 158 3297 extre
177 3241 273 3313 [tectis
292 3243 420 3314 actenus]
442 3242 543 3312 Ritter)
559 3244 564 3312 Ι
583 3249 613 3298 16
632 3245 747 3312 repento
765 3244 996 3298 hebdoadem
1013 3257 1088 3296 moe·

77 3311 169 3380 nibus,
197 3314 256 3369 edd.
281 3319 344 3368 ante
367 3314 431 3366 atre
455 3318 459 3377 Ι
483 3312 709 3383 fulgoribusque,
737 3330 784 3374 em.
810 3315 915 3368 Puteol.
940 3315 975 3379 cf.
1000 3317 1090 3367 tamen

78 3381 190 3441 Lector.
209 3386 247 3439 ad
265 3383 349 3440 Lacr.
373 3383 423 3450 VI,
442 3388 497 3439 170
512 3386 517 3453 Ι
534 3389 567 3439 18
590 3385 783 3440 consalutatus
802 3384 966 3439 Rloenouus:
992 3398 1089 3436 conso·

78 3453 154 3507 latus
178 3455 184 3526 Ι
207 3453 253 3523 42,
275 3461 308 3509 14
335 3453 539 3522 estimandum,
568 3455 603 3523 cf.
627 3454 701 3511 Uoco.
721 3457 745 3510 b.
764 3473 789 3526 p.
813 3459 894 3521 7,14
920 3453 1023 3519 11111110ι
1037 3452 1090 3506 ille

77 3523 192 3596 gravius
211 3525 359 3581 aestimare

131 3622 230 3666 nom
242 3623 348 3666 mm.
842 3619 874 3668 18
