2408 3870
110 165 175 228 250
361 163 529 219 CORNELII
546 164 664 220 TACI'I'I
681 165 747 223 ΠΒ.
766 164 827 220 XII.

108 315 252 392 principis
266 313 403 374 consules
417 321 448 375 et
462 313 632 374 sacerdotes
645 313 868 394 nuncupabant,
888 332 955 375 cum
977 316 1041 375 iam
1063 334 1131 376 exa-

107 405 196 463 nimis
223 402 355 463 vestibus
378 411 409 464 et
431 403 570 463 lomentis
595 401 798 483 obtegeretur,
825 402 895 463 dum
921 421 999 481 quae
1026 404 1131 465 locent

108 492 251 551 firmando
266 490 392 551 Neronis
407 493 531 569 imperio
543 495 772 570 componuntur.
799 493 858 551 iam
871 493 1005 569 primum
1019 495 1131 572 Agrip·

80 582 190 659 apina,
209 579 289 640 uelut
308 578 409 640 dolore
429 582 523 639 evicta
541 587 572 640 et
589 578 697 639 solacia
716 581 909 660 conquirens,
932 588 1044 641 tencre
1071 601 1129 643 am·

108 669 197 747 plexu
211 668 428 745 Britannicum,
447 685 546 727 veram
564 671 681 746 paterni
699 669 760 728 oris
779 668 907 746 elligiem
922 668 1082 746 appellare
1097 689 1129 732 ac

108 760 197 818 variis
212 756 326 817 artibus
340 755 500 835 demorari,
519 773 557 815 ne
576 755 713 816 cubiculo
732 755 933 834 egrederetur.
961 759 1128 821 Antoniam

108 863 227 924 quoque
242 852 272 905 et
286 843 435 906 Octaviam
454 861 572 904 sorores
591 846 656 905 eius
679 846 812 924 attinuit,
831 854 861 907 et
879 854 1005 907 cunctos
1027 847 1129 910 aditus

108 935 252 994 custodiis
272 932 418 992 clauserat
422 932 616 1012 ,crebroque
634 932 793 1011 vulgabat
785 951 829 994 ire
844 935 875 994 iu
889 933 997 995 melius
1012 936 1129 998 valetu-

67 1032 95 1071 10
109 1022 207 1082 dinem
230 1023 387 1100 principis,
411 1039 469 1100 quo
493 1021 577 1081 miles
601 1021 709 1082 bona
701 1039 732 1082 m
751 1040 803 1100 spe
823 1029 924 1101 ageret
941 1031 1129 1105 tempusque

107 1127 286 1189 prosperum
300 1128 336 1169 ex
350 1112 470 1170 monitis
484 1109 698 1171 Chaldaeorum
712 1109 892 1171 adventaret
1188 1180 1191 1187 Ι

175 1195 226 1259 69
244 1196 328 1259 Tunc
347 1198 443 1259 medio
458 1198 517 1258 diei
531 1200 652 1259 tertium
666 1206 734 1259 ante
749 1198 819 1259 ldus
833 1196 986 1281 Octobris,
1006 1200 1129 1265 foribus

107 1286 208 1365 palatii
226 1296 349 1365 repente
368 1288 506 1367 diductis,
525 1289 684 1348 comitante
698 1286 794 1348 Burro
813 1287 891 1348 Nero
910 1288 1075 1366 egreditur
1094 1292 1128 1353 ad

108 1374 273 1455 cohortem,
298 1394 372 1454 qnae
396 1393 479 1436 more
497 1374 618 1436 militiae
641 1375 775 1437 excubiis
795 1375 886 1436 adest
918 1375 961 1436 ibi
980 1389 1129 1442 monente

106 1466 257 1544 praelecto
277 1464 381 1525 faustis
401 1464 523 1524 vocibus
542 1472 684 1542 exceptus
702 1464 816 1525 inditur
834 1464 966 1525 lecticae.
1005 1466 1129 1531 dubita·

80 1571 93 1610 a
108 1556 184 1614 visse
200 1552 343 1631 quosdam
357 1554 469 1632 lerunt,
484 1560 687 1631 respectantes
701 1555 923 1632 rogitantesque
937 1552 991 1614 ubi
1004 1553 1130 1620 Britan-

107 1644 193 1702 nicus
209 1648 300 1702 esset:
313 1659 382 1701 mox
397 1640 477 1702 uullo
492 1643 522 1701 in
537 1642 687 1702 diversum
701 1650 823 1703 auctore
832 1660 907 1721 quae
918 1641 1131 1708 offerebantur

108 1732 205 1791 secuti
228 1738 305 1790 sunt.
338 1729 507 1807 inlatusque
526 1732 632 1790 castris
646 1730 724 1790 Nero
739 1738 769 1791 et
783 1732 977 1808 congruentia
992 1737 1131 1814 tempori

107 1819 269 1897 praelatuS,
293 1820 439 1896 promisso
464 1819 599 1878 donativo
623 1818 659 1879 ad
683 1819 850 1897 exemplum
872 1827 1016 1898 paternae
1038 1821 1130 1903 largi·

71 1978 74 1983 ,
107 1910 208 1986 1111111,
232 1909 393 1984 imperator
416 1906 626 1967 consalutatur.
668 1909 844 1968 senteutiam
867 1906 995 1967 militum
1021 1920 1130 1974 secuta

65 2014 93 2050 ro
107 2004 225 2074 patrum
244 1993 390 2074 consulta,
410 2013 465 2054 nec
485 1994 650 2055 dubitatum
665 2002 711 2055 est
725 1996 802 2073 apud
817 1997 993 2074 provincias.
1031 2000 1130 2061 caele·

107 2091 227 2160 stesque
251 2083 379 2141 honores
403 2082 524 2142 Claudio
546 2082 750 2144 decernuntur
778 2091 808 2144 et
835 2083 949 2145 lunaris
977 2085 1130 2150 sollemne

107 2171 230 2248 perinde
255 2189 288 2230 ac
312 2170 378 2230 divo
406 2171 537 2248 Augusto
561 2171 741 2252 celebratur,
769 2171 934 2233 aemulante
957 2173 1130 2257 Agrippina

106 2260 243 2336 proaviae
266 2258 365 2318 Liviae
388 2260 643 2336 magnificentiam.
685 2268 893 2320 testamentum
919 2267 1020 2323 tamen
1047 2265 1130 2328 haud

107 2349 276 2426 recitatum,
300 2364 337 2407 ne
361 2349 544 2425 antepositus
567 2348 626 2407 filio
649 2349 802 2426 privignus
825 2350 933 2409 iniuria
956 2357 988 2410 et
1010 2353 1129 2416 invidia

68 2450 93 2490 15
107 2438 220 2496 animos
235 2434 315 2512 vulgi
328 2435 471 2496 turbaret.

177 2607 223 2674 68,
244 2613 259 2661 3
285 2606 418 2660 tementis
440 2607 637 2677 Bezzenberper
662 2608 666 2673 Ι
691 2621 763 2672 quae
785 2606 970 2662 11111111
996 2625 1073 2667 corr.
1098 2616 1130 2669 11

106 2694 150 2731 res
170 2680 253 2745 (quoe
271 2693 286 2731 e
304 2693 334 2731 re
355 2677 500 2744 Heinsius,
529 2675 596 2730 dum
623 2691 666 2729 res
693 2675 829 2731 firmando
855 2679 890 2732 ol.
915 2677 984 2732 dum
1011 2683 1131 2753 reliqua

106 2747 243 2801 firmando
257 2747 409 2814 Androneo,
428 2717 551 2803 Jaor’eoo.
562 2749 669 2815 187412.
679 2750 791 2816 711.)6
808 2746 956 2817 {boricio
970 2749 1128 2812 Helonius:

106 2817 184 2871 uicta
201 2819 235 2883 ef.
254 2823 281 2884 4,
301 2822 344 2872 57.
364 2820 473 2884 12,25.
493 2821 536 2878 15
556 2817 656 2871 6111.
676 2822 705 2883 2,
725 2821 761 2872 61
786 2818 790 2888 Ι
813 2818 863 2887 69,
884 2819 986 2873 lente
1005 2823 1129 2880 tertium

107 2889 304 2956 Bezzenberqer
324 2891 328 2955 Ι
350 2887 486 2942 41111111
504 2887 628 2941 Ernesti:
652 2885 784 2956 11111119
803 2862 999 2943 consalutatur
1023 2894 1130 2954 Puteo

106 2961 200 3014 lanua:
221 2958 361 3013 consult
318 2956 577 3027 11111151111111
1114 3004 1117 3009 .

508 3244 719 3254 ..ι-,-
