2392 3876
255 169 302 225 AB
321 166 482 224 excussu
500 165 656 222 AUGUSTI
672 165 744 222 xlv.
764 172 878 226 ao-se.
1003 165 1069 232 313

58 337 152 399 pnum
175 319 210 380 ad
234 316 374 397 pericula.
412 317 484 396 quin
503 322 533 376 et
551 317 649 375 Asiam
668 316 766 376 lavore
785 318 900 377 iuvenis
919 334 999 376 arma
1022 334 1069 376 ce·

59 411 153 488 pisse,
176 425 231 468 nec
250 406 360 467 milites
379 405 415 466 ad
435 403 532 465 seclus
550 406 657 464 missos
676 411 727 464 aut
745 421 869 465 numero
888 404 999 465 validos
1017 411 1069 465 aut

60 498 157 557 animo
167 503 328 576 promptos,
342 500 498 574 postquam
509 494 590 553 iussa
604 492 723 553 efficere
737 494 934 572 nequiverint,
950 493 984 553 ad
1000 510 1068 571 spes

60 603 150 646 novas
176 585 327 645 transisse.
371 600 443 642 rana
467 581 541 641 baec
566 598 648 641 more
675 582 768 642 lamae
796 580 980 642 credentium
1008 583 1068 641 otio

60 673 256 755 augebantur3
271 680 404 734 ceterum
418 670 543 731 libertus
553 669 650 730 Plauti
659 669 810 731 celeritate
821 677 976 730 ventorum
985 687 1068 748 prae·
1084 683 1109 723 10

61 765 141 824 venit
155 763 360 825 centurionem
374 767 405 819 et
419 759 553 819 mandata
568 757 600 818 L.
614 758 735 819 Antistii
754 761 851 820 soceri
869 757 980 820 attulit:
999 758 1069 818 ellu-

60 859 143 931 geret
158 869 279 930 segnem
292 855 432 928 mortem,
451 847 521 908 dum
536 847 695 926 suffugium
714 854 807 908 esset:
824 849 924 927 magni
942 848 1070 908 nominis

61 942 250 999 miseratione
265 944 455 1016 reperturum
470 935 577 1016 bonos,
595 938 835 998 consociaturum
849 937 988 997 audaces:
1007 935 1070 996 nul·

62 1028 123 1088 lum
145 1028 265 1087 interim
289 1024 455 1086 subsidium
480 1024 705 1102 aspernandum.
743 1026 769 1086 si
792 1026 943 1104 sexaginta
960 1024 1070 1085 milites

62 1110 120 1198 (tot
135 1117 213 1175 enim
227 1109 434 1194 adveniebant)
449 1110 639 1194 propulisset,
653 1112 724 1173 dum
738 1114 868 1174 retertur
882 1115 1006 1174 nuntius
1015 1112 1070 1173 Ne·
1085 1124 1111 1166 15

63 1206 141 1285 roni,
160 1204 230 1264 dnm
245 1220 350 1263 manus
369 1201 425 1262 alia
443 1209 589 1280 permeat,
607 1201 699 1261 multa
719 1209 871 1283 secutura,
891 1221 965 1282 quae
985 1202 1072 1263 adus-

62 1311 120 1372 qne
143 1292 253 1353 bellum
276 1290 483 1352 evalescerent.
516 1289 644 1369 denique
663 1297 714 1350 aut
733 1289 858 1350 salutem
877 1290 928 1351 tali
947 1290 1070 1351 consilio

62 1383 177 1462 quaeri,
205 1388 257 1441 aut
279 1378 353 1439 nihil
375 1380 493 1458 gravius
516 1378 637 1438 audenti
661 1395 749 1457 quam
772 1381 877 1456 ignavo
899 1378 1071 1458 patiendum

63 1487 137 1531 esse.

124 1554 176 1619 59.
196 1556 254 1617 Sed
267 1555 403 1617 Plautum
417 1573 451 1615 ea
465 1573 525 1615 non
537 1572 670 1636 movere,
689 1558 750 1617 sire
770 1554 879 1615 nullam
899 1572 985 1634 opem
1004 1572 1072 1633 pro·

63 1646 179 1707 videbat
197 1647 319 1705 inermis
338 1653 426 1723 atque
446 1642 527 1723 exul,
554 1661 608 1703 seu
632 1644 730 1704 taedio
756 1643 909 1722 ambiguae
935 1644 1011 1723 spei,
1035 1661 1072 1702 an

64 1751 162 1795 amore
181 1735 315 1811 coniugis
329 1740 359 1793 et
372 1731 544 1812 liberorum,
559 1731 667 1810 quibus
682 1731 901 1810 placabiliorem
916 1731 977 1791 lore
992 1733 1072 1809 prin-

63 1825 160 1902 cipem
177 1820 299 1882 rebatur
320 1820 399 1881 nulla
417 1820 615 1881 sollieitudine
630 1820 791 1881 turbatum.
820 1827 890 1881 saint
905 1822 955 1898 qui
970 1819 1042 1880 alios
1057 1837 1073 1879 a

63 1929 166 1971 socero
185 1912 305 1972 nuntios
326 1911 440 1970 venisse
459 1909 567 1990 ierant,
586 1916 736 1988 tamquam
754 1908 828 1969 nibil
843 1916 926 1969 atrox
939 1909 1102 1967 immine-s

63 2007 122 2080 ret3
150 1999 346 2079 doctoresque
374 1999 548 2078 sapientiae,
576 1996 741 2058 Coeranum
765 1996 882 2076 Graeci,
905 1996 1074 2057 Musonium

63 2088 153 2150 Tusci
176 2089 308 2168 generis,
331 2088 526 2148 constantiam
549 2086 746 2165 opperiendae
765 2087 870 2147 mortis
887 2103 942 2164 pro
961 2088 1073 2145 incerta

63 2184 94 2236 et
107 2177 222 2255 trepida
236 2178 294 2236 vita
309 2177 447 2236 suasisse.
474 2182 611 2253 repertus
630 2175 676 2235 est
694 2183 775 2237 certe
793 2192 848 2254 per
866 2174 996 2234 medium
1015 2173 1074 2233 diei

64 2264 162 2324 nudrrs
186 2264 375 2325 exercitando
398 2265 526 2342 corpori.
562 2262 650 2324 talem
674 2282 742 2325 eum
761 2265 896 2324 centurio
915 2261 1074 2323 trucidavit

65 2369 163 2412 coram
178 2351 322 2430 Pelagone
336 2352 479 2432 spadone,
494 2368 582 2430 quem
595 2351 674 2412 Nero
689 2353 857 2413 centurioni
871 2357 901 2411 ct
915 2349 1073 2430 manipulo,
1089 2363 1118 2402 to

64 2442 149 2518 qnasi
163 2439 339 2500 satellitibus
353 2442 523 2500 ministrum
536 2441 665 2520 regium,
679 2445 899 2518 praeposuerat.
927 2447 1016 2516 caput
1030 2439 1074 2496 in-

65 2529 183 2588 terfecti
196 2527 334 2607 relatum3
349 2529 434 2587 cuius
449 2534 571 2605 aspectu
585 2520 664 2607 (ipsa
679 2528 823 2605 principis
835 2525 922 2585 verba
932 2518 1074 2606 releram)

65 2634 132 2694 cur,
163 2616 262 2694 inquit
292 2614 370 2674 Nero
389 2613 458 2656 ***
486 2622 516 2674 et
531 2616 640 2691 'posito
666 2622 748 2673 metn
775 2615 894 2692 nuptias
922 2613 1074 2691 Poppaeae

65 2704 102 2764 ob
127 2706 191 2763 eius
216 2702 294 2762 modi
318 2709 449 2763 terrores
473 2700 577 2763 dilatas
595 2709 744 2761 maturare
763 2709 848 2780 parat
866 2700 1074 2779 Octaviamque

65 2794 221 2870 coniugem
235 2790 362 2870 amoliri,
382 2791 515 2869 quamvis
529 2789 661 2850 modeste
676 2798 790 2871 ageret,
805 2790 923 2849 nomine
937 2792 1030 2868 patris
1045 2796 1075 2850 et
1089 2802 1117 2844 1⁵

66 2881 172 2941 studiis
186 2878 288 2958 populi
302 2896 428 2958 gravem.
453 2877 504 2938 sed
515 2877 550 2937 ad
562 2886 695 2938 senatum
710 2878 824 2939 litteras
840 2879 920 2939 misit
934 2878 971 2938 de
985 2877 1074 2939 caede

135 3086 182 3155 58,
200 3091 217 3140 9
239 3083 389 3140 transisset
403 3087 409 3154 l
423 3101 498 3141 rene
518 3085 664 3141 Booebotn·
688 3100 744 3138 una
760 3085 764 3151 Ι
781 3082 860 3137 odio
868 3083 912 3138 Jo.
932 3082 984 3138 Fr.
1005 3081 1074 3138 Gro-

63 3159 162 3214 novius
186 3158 191 3226 Ι
217 3161 250 3211 10
269 3156 437 3238 agebantur,
456 3173 505 3212 em
524 3155 639 3211 Medius
662 3156 667 3224 l
693 3161 727 3210 12
746 3154 813 3209 dum
831 3151 984 3236 suffugium
1001 3155 1077 3208 esset

65 3229 218 3284 Andresen.
239 3226 328 3282 otium
347 3226 498 3296 suffugium
516 3228 546 3281 et
564 3225 688 3296 (obvium
706 3224 767 3280 suff.
787 3227 818 3280 et
832 3225 924 3292 Orelli,
943 3222 1076 3278 inertium

65 3298 126 3354 suff.
141 3301 171 3354 et
183 3298 288 3366 Haase,
307 3298 431 3353 sontium
449 3295 610 3367 suffugium:
631 3313 665 3351 ex
678 3297 739 3378 nos)
755 3297 760 3367 Ι
777 3303 809 3351 13
823 3293 1004 3350 miseratione
1020 3297 1025 3365 Ι
1043 3300 1076 3349 11

65 3387 115 3440 asp
117 3369 288 3438 ementium,
312 3387 359 3425 eon.
379 3369 547 3424 Puteolanus
571 3369 576 3437 Ι
601 3372 634 3423 18
659 3365 786 3422 audienti
810 3368 815 3437 Ι
840 3366 886 3433 te,
907 3372 939 3420 12
957 3365 1078 3420 referem

67 3441 248 3497 Pumotonos:
266 3439 423 3495 referebam
447 3441 452 3508 t
479 3446 511 3494 13
530 3455 564 3494 ex
581 3438 673 3494 Dione
691 3441 750 3506 (62,
769 3441 816 3505 14)
835 3438 959 3508 supplere
976 3438 1076 3507 possita

65 3527 122 3578 cur,
141 3509 241 3580 inquit,
260 3511 342 3580 Nero,
362 3509 505 3565 hominem
522 3511 654 3564 nasutum
672 3507 810 3562 timuisti?
