2392 3876
138 153 202 218 132
482 151 651 208 CORNELII
669 150 791 208 ΤΑΟΙΤΙ

126 304 238 364 1111111
256 303 400 381 principis
419 308 486 363 vota
505 302 705 380 susciperent,
724 301 872 364 Neronem
891 318 1013 380 quoque
1032 308 1068 364 et
1082 301 1158 366 Dru·

137 409 203 452 sum
225 391 321 452 isdem
343 391 389 451 dis
412 389 668 470 commendavere,
696 407 756 453 non
779 397 840 453 tam
861 390 986 452 caritate
1010 391 1158 455 iuvenum

96 493 109 533 ⁶
137 498 225 559 quam
243 479 423 559 adulatione,
443 497 518 558 quae
531 477 665 540 moribus
679 479 829 558 corruptis
842 477 967 558 perinde
982 495 1115 562 anceps,
1133 483 1159 544 si

135 567 217 629 nulla
235 575 265 629 et
282 567 335 630 ubi
353 569 443 628 nimia
462 574 515 630 est.
547 584 616 627 nam
634 565 772 630 Tiberius
790 566 869 629 baud
888 584 1032 646 umquam
1052 568 1158 632 domui

137 657 304 718 Germanici
318 658 408 735 mitis,
423 663 487 716 tum
500 673 571 717 vero
585 658 707 734 aequari
715 655 920 718 adulescentes
930 662 1074 718 senectae
1085 675 1156 720 suae

135 748 315 824 inpatienter
337 742 477 825 indoluit3
505 745 673 823 accitosque
696 745 853 825 pontifices
878 751 1078 823 percontatus
1103 755 1156 829 ost,

136 851 208 894 num
230 833 261 893 id
284 831 424 911 precibus
442 832 622 912 Agrippinae
644 840 696 895 aut
718 835 808 895 minis
831 831 1017 894 tribuissent.
1058 841 1092 896 et
1114 835 1157 897 illi

98 938 123 977 1o
138 921 271 1001 quidem,
301 938 479 999 quamquam
501 919 680 1004 abnuerent,
706 922 822 983 modice
844 922 1011 1002 perstricti;
1039 926 1156 985 etenim

135 1027 205 1087 pars
223 1026 328 1088 magna
346 1027 363 1068 e
381 1011 558 1089 propinquis
572 1011 668 1089 ipsius
681 1018 733 1072 aut
747 1013 894 1089 primores
908 1010 1038 1071 civitatis
1054 1021 1156 1075 eraut:

136 1104 269 1158 ceterum
282 1098 314 1157 in
328 1106 432 1159 senatu
447 1100 579 1158 oratione
593 1101 709 1160 monuit
722 1101 752 1159 in
766 1104 932 1178 posterum,
951 1114 990 1160 ne
1006 1100 1079 1178 quis
1093 1119 1155 1163 mo·

135 1183 211 1247 biles
227 1184 462 1248 adtdescentium
476 1188 589 1247 animos
603 1189 800 1265 praematuris
815 1185 977 1247 bonoribus
993 1186 1030 1247 ad
1047 1205 1154 1268 super-

135 1271 216 1336 biam
230 1274 392 1336 extolleret.
419 1273 549 1336 instabat
563 1276 672 1354 quippe
688 1275 814 1337 Seianus
828 1274 1045 1354 incusabatque
1067 1277 1154 1340 didu-

96 1375 122 1418 15
136 1369 214 1425 ctam
228 1363 377 1425 civitatem
391 1370 425 1425 ut
438 1363 518 1426 civili
531 1363 621 1425 bello:
636 1381 701 1426 esse
716 1367 768 1443 qui
783 1382 815 1424 se
829 1365 959 1442 partium
967 1363 1154 1445 Agrippinae

135 1458 254 1533 vocent,
274 1471 307 1514 ac
326 1455 358 1513 ni
375 1455 545 1532 resistatur,
564 1453 629 1512 fore
646 1452 755 1533 pluris3
780 1470 877 1532 neque
897 1451 976 1512 aliud
995 1451 1154 1530 gliscentis

136 1540 300 1603 discordiae
315 1542 492 1622 remedium,
511 1560 599 1621 quam
614 1543 639 1601 si
654 1559 731 1603 unus
746 1540 856 1601 alterve
871 1541 998 1601 maxime
1017 1546 1154 1624 prompti

136 1629 391 1692 subverterentur.
809 1629 811 1632 ⁴

205 1716 253 1780 18.
273 1717 338 1788 Qua
356 1735 444 1779 eausa
457 1717 487 1778 C.
504 1717 608 1779 Silium
627 1725 657 1778 et
675 1717 787 1779 Titium
806 1715 948 1777 Sabinum
966 1716 1152 1795 adgreditur.

135 1807 264 1867 amicitia
279 1805 446 1866 Germanici
460 1807 628 1885 perniciosa
641 1808 777 1886 utrique,
792 1805 864 1866 Silio
878 1811 910 1865 et
923 1804 1003 1885 quod
1018 1808 1152 1886 ingentis

135 1896 284 1955 exercitus
303 1901 416 1972 septem
434 1911 489 1972 per
506 1912 599 1955 annos
617 1894 786 1956 moderator
804 1895 957 1973 partisque
976 1894 1057 1972 apud
1081 1897 1151 1958 Ger-

134 1984 262 2042 maniam
280 1981 509 2059 triumphalibus
528 1982 724 2044 Sacroviriani
742 1982 812 2044 belli
830 1985 937 2062 vietor,
957 1990 1070 2061 quanto
1092 2003 1151 2047 ma-

94 2083 107 2125 s
134 2072 197 2131 iore
217 2069 293 2130 mole
312 2071 494 2150 procideret,
512 2070 580 2150 plus
598 2071 764 2132 formidinis
778 2073 810 2132 in
824 2070 897 2132 alios
911 2071 1150 2150 dispergebatur.

134 2156 295 2219 credebant
309 2158 443 2238 plerique
458 2168 574 2221 auctam
589 2161 779 2221 offensionem
798 2161 892 2239 ipsius
910 2161 1151 2239 intemperantia,

133 2246 290 2308 immodice
304 2249 440 2309 iactantis
455 2266 541 2309 suum
555 2248 679 2310 militem
693 2251 724 2310 in
739 2247 881 2329 obsequio
896 2246 1065 2330 duravisse,
1081 2269 1152 2312 cum

134 2335 184 2396 alii
206 2335 242 2396 ad
267 2336 427 2397 seditiones
449 2336 690 2418 prolaberentur3
714 2355 811 2417 neque
835 2354 1009 2398 mansurum
1028 2337 1151 2401 Tiberio

134 2427 305 2505 imperium,
329 2427 355 2486 si
377 2427 413 2486 iis
436 2444 555 2505 quoque
578 2425 744 2505 legionibus
763 2426 870 2504 cupido
888 2424 1015 2486 novandi
1033 2426 1150 2490 fuisset.

95 2528 120 2568 10
135 2514 250 2576 destrui
272 2532 327 2592 per
349 2513 422 2575 haec
446 2514 595 2577 fortunam
619 2532 703 2576 suam
721 2514 829 2575 Caesar
852 2516 1045 2593 inparemque
1066 2525 1150 2578 tanto

134 2607 240 2664 meritc
259 2603 390 2664 rebatur.
418 2621 486 2664 nam
499 2602 643 2664 beneficia
656 2622 692 2664 eo
706 2621 801 2682 usque
819 2601 895 2663 11111
914 2609 996 2683 sunt,
1016 2602 1089 2664 dum
1109 2608 1150 2667 vi-

134 2691 244 2751 dentur
266 2692 377 2753 exsolvi
400 2710 502 2772 posse:
531 2691 583 2755 ubi
608 2692 734 2753 multum
760 2699 951 2772 antevenere,
973 2709 1029 2770 pro
1052 2697 1151 2772 gratia

135 2778 235 2838 odium
249 2779 393 2841 redditur.
998 2825 999 2829 =

203 2863 252 2927 19.
271 2866 344 2928 Erat
362 2888 437 2930 1111
452 2869 523 2931 Silio
543 2868 627 2930 Sosia
645 2869 739 2950 Galla,
758 2870 881 2931 caritate
901 2868 1082 2948 Agrippinae
1104 2874 1148 2933 in·

74 2975 81 2987 ·
133 2956 195 3015 visa
213 2957 349 3033 principi.
382 2956 437 3017 hos
456 2959 567 3035 corripi
580 2957 671 3018 dilato
685 2956 722 3018 ad
736 2965 854 3038 tempus
870 2956 979 3018 Sabino
994 2956 1149 3041 placitum,

133 3045 333 3122 inmissusque
344 3042 436 3104 Varro
451 3044 563 3125 consul,
578 3047 630 3125 qui
643 3053 781 3124 paternas
796 3048 965 3108 inimicitias
980 3045 1148 3111 obtendens

135 3131 209 3192 odiis
230 3131 329 3192 Seiani
346 3149 401 3210 per
418 3132 549 3195 dedecus
567 3151 655 3195 suum
673 3135 901 3214 gratificabatur.
933 3144 1076 3214 precante
1095 3156 1149 3199 reo

93 3233 106 3274 ⁵
134 3219 254 3282 brevem
273 3237 398 3300 moram,
418 3220 489 3281 dum
503 3229 659 3283 accusator
673 3224 828 3286 consulatu
843 3223 951 3304 abiret,
973 3224 1149 3288 adversatus

205 3355 604 3426 1111111111111111111
632 3358 751 3428 proinde
778 3361 782 3426 Ι
809 3363 842 3412 14
861 3356 1011 3412 deductam
1035 3362 1040 3428 1
1066 3359 1112 3429 18,
1132 3368 1151 3416 4

133 3424 231 3480 victor.
251 3430 356 3494 quanto
375 3429 426 3484 olii
442 3432 446 3495 1
462 3432 478 3482 5
496 3426 668 3497 procederet.
689 3447 729 3484 cre-
763 3427 909 3478 mum-em
925 3431 929 3438 '
947 3436 980 3482 ¹0
998 3428 1151 3501 imparem-

133 3512 186 3563 que
206 3500 334 3553 1111111
355 3498 478 3555 Pe'cbeno
