2392 3876
134 162 200 227 254
479 158 648 216 CORNELII
665 160 785 217 TAGITI

133 310 289 372 servilibus
304 313 393 372 iussis
407 311 672 389 obtemperaturus.
696 311 824 372 Burrum
840 319 938 372 tamen
954 318 985 372 et
1002 312 1153 375 Senecam

132 399 293 460 multarum
311 418 411 461 rerum
431 401 612 478 experientia
630 401 778 480 cognitos3
806 406 836 459 et
855 401 1036 478 imperatori
1061 421 1154 480 quao-

133 499 195 549 tum
214 490 250 549 ad
269 488 362 549 robur
380 489 496 568 deesse,
520 506 587 548 cum
606 496 708 548 octavo
726 487 851 548 decumo
870 491 975 549 aetatis
996 507 1080 550 anno
1101 491 1155 552 Cn.

132 577 298 656 Pompeius,
313 595 391 638 nono
405 577 530 638 decumo
544 575 652 636 Caesar
661 574 838 637 Octavianus
853 575 949 637 civilia
964 576 1047 638 bella
1062 583 1155 641 susti·

93 684 118 724 15
132 663 273 728 nuorint?
296 665 436 744 pleraque
460 667 490 724 in
514 682 627 724 summa
651 665 769 725 fortuna
792 667 933 743 auspiciis
957 673 989 726 et
1014 668 1155 730 consiliis

133 774 220 834 quam
244 754 310 815 telis
333 762 363 814 et
386 753 520 813 manibus
543 755 615 830 geri.
653 753 790 814 daturum
813 753 899 832 plane
921 754 1155 836 documentum,

133 845 265 904 honestis
284 860 321 901 an
340 858 426 902 secus
446 842 547 901 amicis
571 848 720 922 uteretur,
744 843 770 902 si
793 841 899 903 ducem
918 846 1155 906 amota-invidia

133 934 283 1010 egregium
298 947 386 1008 quam
404 931 429 989 si
447 932 643 1008 pecuniosum
657 937 688 990 et
701 932 795 1008 gratia
809 930 968 991 subnixum
982 949 1042 1008 per
1057 933 1155 995 ambi-

133 1028 195 1081 tum
210 1018 363 1096 deligeret.

194 1106 222 1168 l.
237 1106 315 1167 llaec
329 1114 418 1185 atque
429 1107 497 1167 talia
507 1106 704 1187 vulgantibus,
718 1105 797 1167 Nero
808 1116 838 1169 et
847 1109 1037 1169 iuventutem
1047 1114 1155 1188 proxi·

132 1215 193 1258 mas
207 1214 261 1274 per
279 1197 446 1275 provincias
461 1198 623 1275 quaesitam
638 1195 812 1276 supplendis
828 1196 959 1257 Orientis
974 1194 1154 1276 legionibus

131 1286 286 1346 admovere
319 1283 509 1364 legionesque
541 1287 620 1363 ipsas
651 1285 774 1363 propius
804 1284 972 1345 Armeniam
1004 1286 1156 1349 collocari

131 1375 227 1456 iubet,
246 1374 379 1453 duosque
399 1382 515 1434 veteres
533 1391 619 1450 reges
633 1373 791 1452 Agrippam
811 1382 841 1434 et
854 1373 1035 1434 Antiochum
1056 1393 1153 1456 expe-

106 1481 118 1520 s
133 1464 196 1525 dire
211 1467 323 1543 copias,
339 1464 405 1542 quis
419 1461 596 1523 Parthorum
611 1462 685 1521 lines
699 1461 778 1522 ultro
792 1463 951 1543 intrarent,
966 1462 1059 1524 simul
1074 1483 1155 1542 pon·

132 1563 177 1615 tes
191 1571 245 1632 per
259 1570 374 1613 amnem
388 1550 568 1629 Euphratem
583 1552 679 1630 iungi3
694 1559 724 1611 et
737 1553 883 1611 minorem
897 1551 1070 1612 Armeniam
1082 1554 1153 1613 Ari·

132 1641 262 1722 stohulo,
281 1642 432 1719 regionem
447 1639 605 1718 Sophenen
621 1638 765 1699 Sohaemo
784 1658 852 1700 cum
871 1637 1040 1717 insignibus
1055 1645 1155 1719 regiis

132 1731 258 1791 mandat.
290 1737 470 1807 exortusque
484 1731 516 1788 in
530 1737 663 1806 tempore
682 1727 816 1788 aemulus
830 1726 965 1805 Vologesi
979 1727 1060 1788 tilius
1076 1728 1152 1791 Var-

132 1816 1151 1896 danes:etabscessereArmeniaParthitamquamdillerrentbellum.

200 1905 229 1969 8.
248 1906 306 1967 Sed
325 1905 402 1985 apud
417 1912 551 1966 senatum
566 1906 663 1965 omnia
677 1907 708 1965 in
721 1908 817 1966 maius
832 1904 978 1965 celebrata
992 1913 1065 1965 sunt
1080 1924 1152 1967 sen-

133 1997 234 2056 tentiis
257 2013 374 2074 eorum,
398 1997 449 2072 qui
467 1993 698 2071 supplicationes
717 2002 748 2054 et
766 1993 872 2054 diebus
891 1994 1149 2072 supplicationum

133 2091 243 2143 vestem
258 2084 387 2161 principi
401 2081 622 2161 triumphalem,
636 2089 728 2160 utque
744 2100 833 2142 ovans
848 2081 952 2142 urbem
967 2083 1066 2162 iniret,
1084 2085 1150 2144 elli-

133 2173 269 2250 giemque
294 2172 358 2230 eius
377 2171 442 2247 pari
460 2169 662 2248 magnitudine
681 2189 715 2230 ac
734 2169 836 2231 Martis
856 2170 966 2232 Ultoris
986 2170 1094 2232 eodem
1118 2176 1149 2233 in

106 2259 241 2338 stemplo
265 2276 421 2337 censuere,
448 2267 568 2337 praeter
595 2266 708 2320 suetam
732 2258 929 2320 adulationem
952 2259 1035 2339 laeti,
1063 2262 1148 2339 quod

134 2349 292 2409 Domitium
324 2346 522 2408 Corbulonem
552 2346 723 2408 retinendae
747 2349 902 2409 Armeniae
930 2359 1149 2426 praeposuerat

134 2437 346 2516 videbaturque
360 2436 445 2496 locus
460 2435 620 2496 virtutibus
638 2435 811 2515 patefactus.
840 2438 941 2516 copiae
956 2435 1089 2498 Orientis
1106 2440 1148 2499 ita

133 2527 318 2606 dividuntur,
337 2532 371 2587 ut
389 2542 457 2603 pars
471 2525 658 2586 auxiliarium
672 2542 740 2585 cum
755 2524 870 2586 duabus
884 2524 1051 2604 legionibus
1065 2528 1147 2605 apud

133 2619 314 2695 provinciam
334 2615 451 2676 Suriam
474 2620 504 2675 et
526 2614 654 2692 legatum
678 2617 743 2674 eius
761 2612 943 2684 Quadratum
962 2612 1148 2676 Ummidium

94 2713 313 2783 reremaneret,
332 2722 386 2782 par
405 2706 514 2764 civium
533 2705 741 2781 sociorumque
761 2720 904 2764 numerus
918 2701 1080 2763 Corbuloni
1102 2722 1148 2765 es·

134 2800 191 2872 set,
215 2793 323 2851 additis
346 2791 519 2853 cohortibus
538 2790 665 2872 alisque,
688 2809 763 2870 quae
783 2794 815 2852 in
833 2790 1016 2872 Cappadocia
1035 2791 1149 2853 biema-

133 2881 212 2941 bant.
245 2880 318 2939 sdcii
332 2898 417 2957 reges
422 2928 431 2961 ,
449 2888 539 2960 prout
552 2879 629 2940 bollo
648 2879 841 2959 conduceret,
859 2898 965 2959 parere
984 2881 1073 2941 iussi:
1093 2882 1148 2943 sed

135 2969 230 3030 studia
245 2984 347 3027 eorum
357 2970 389 3027 io
399 2968 597 3029 Corbulonem
607 2970 789 3047 promptiora
799 2976 892 3030 erant.
912 2970 964 3049 qui
973 2976 1008 3029 ut
1017 2972 1150 3033 instaret

206 3159 233 3226 6,
253 3162 285 3212 15
304 3156 441 3228 pluraque
460 3158 496 3212 ai.
513 3159 517 3224 t
535 3157 560 3224 7,
577 3156 770 3227 aregionibus
787 3159 791 3221 Ι
807 3163 823 3212 3
839 3156 985 3212 admoueri
1001 3157 1147 3241 Pieheual

135 3228 229 3300 proiua
246 3231 250 3301 Ι
266 3235 283 3283 4
301 3227 471 3282 Antiochum
489 3227 616 3296 Lipsius:
635 3228 748 3282 iochum
761 3229 796 3293 cf.
810 3246 831 3285 e.
847 3231 884 3283 37
899 3229 904 3296 Ι
920 3236 936 3283 6
952 3227 1032 3281 iunlu
1046 3227 1149 3296 (iunctx

140 3301 299 3372 Wurm)18
318 3299 461 3369 uologero,
480 3315 528 3353 em.
546 3300 679 3368 Agricola
695 3304 699 3368 Ι
715 3297 857 3365 nordanis,
876 3314 924 3353 em.
943 3300 983 3354 ed.
1004 3299 1125 3355 Froben.
1144 3304 1147 3374 t

135 3372 161 3439 8,
182 3379 198 3427 3
217 3370 389 3442 effigiesque,
417 3386 465 3426 em.
485 3368 665 3450 Nipperdey!
682 3376 715 3425 10
733 3386 785 3440 par
802 3369 981 3425 Rdwlauuaz
1008 3385 1075 3438 pera
1091 3373 1096 3440 1
1115 3378 1148 3426 11

136 3441 200 3495 aliis
221 3458 355 3512 quaeque,
375 3457 422 3498 am.
441 3441 591 3497 Rhenanus
606 3445 610 3511 1
626 3458 657 3494 ιιι
670 3442 734 3496 add.
748 3440 838 3494 Pur„
868 3442 872 3484 l
889 3445 922 3480 ¹⁸2
937 3437 1021 3494 iussit
1036 3447 1040 3510 Ι
1058 3448 1091 3497 13
1105 3442 1149 3496 in·

136 3513 225 3566 steret
244 3515 307 3569 add.
322 3515 418 3570 Houor
437 3511 539 3581 (famae
557 3510 706 3565 inservire*
730 3513 753 3548 2¹
