2392 3876
285 182 333 237 AB
352 181 514 239 excussu
531 182 688 239 AUGUSTI
705 182 752 239 Ν.
772 189 885 240 ee-ea.
1020 184 1083 249 139

73 333 156 395 ltalia
174 339 327 394 arceretur
345 334 499 393 convictus
516 333 674 410 pecuniam
692 331 730 393 ob
749 350 814 393 rem
832 332 1018 394 iudicandam
1038 351 1084 394 ce·

73 425 166 501 pisse,
194 420 389 482 amovendum
416 422 447 480 in
474 419 601 481 insulam
629 422 757 501 censuit,
787 428 869 482 tanta
896 423 1083 484 contentione

73 512 172 591 animi,
186 517 220 572 ut
233 512 298 571 iure
310 509 435 571 iurando
444 507 644 586 obstringeret
658 527 674 570 e
688 527 722 570 re
735 508 855 588 publica
867 509 898 570 id
907 527 982 571 esse.
1005 509 1085 589 quod

74 618 178 680 aspere
192 606 347 678 acceptum
361 597 398 659 ad
417 614 558 676 praesens
576 615 644 658 mox
665 599 696 657 in
714 596 831 659 laudem
845 601 934 659 vertit
947 616 1085 676 regresso

73 688 190 768 Suilli03
210 706 299 767 quem
317 687 391 747 vidit
409 704 538 765 sequens
552 692 633 746 aetas
653 693 889 766 praepotentem,
907 686 1041 748 venalem
1055 694 1125 748 et1⁵

73 775 188 838 Claudii
214 777 360 855 principis
387 777 517 849 amicitia
543 773 595 836 diu
626 792 783 855 prospere,
814 793 977 855 numquam
1008 773 1085 836 bene

72 884 169 927 usum.
198 864 300 924 eadem
319 881 415 942 poena
432 864 464 923 in
478 862 583 924 Catum
596 861 741 924 Firmium
755 871 921 925 senatorem
936 865 1085 942 statuitur,

73 964 225 1032 tamquam
251 950 333 1011 falsis
360 952 521 1012 maiestatis
548 951 723 1013 criminibus
757 970 891 1014 sororem
922 954 1084 1032 petivisset.

74 1042 173 1120 Catus,
192 1047 227 1101 ut
244 1038 360 1119 rettuli,
378 1039 521 1100 Libonem
539 1038 683 1101 inlexerat
701 1041 830 1122 insidiis,
849 1041 955 1102 deinde
974 1040 1084 1102 indicio

74 1128 250 1209 perculerat
288 1129 352 1189 eius
370 1146 477 1206 operae
496 1145 610 1189 memor
628 1128 779 1208 Tiberius,
803 1129 856 1190 sed
875 1129 931 1190 alia
949 1137 1084 1208 praeten—
1099 1141 1125 1181 2⁰

73 1219 157 1300 dens,
180 1216 300 1278 exilium
319 1216 495 1295 deprecatus
514 1225 573 1278 est:
596 1235 654 1296 quo
678 1219 776 1278 minus
800 1226 905 1279 senatu
923 1217 1084 1296 pelleretur

73 1325 133 1368 non
147 1304 270 1368 obstitit.

140 1391 192 1455 32.
206 1392 350 1471 Pleraque
365 1410 478 1472 eorum,
493 1410 568 1471 quae
582 1392 685 1453 rettuli
699 1411 833 1473 quaeque
846 1394 981 1475 relcram,
995 1412 1085 1472 parva

74 1483 198 1542 forsitan
212 1488 242 1541 et
255 1480 330 1540 levia
344 1488 510 1540 memoratu
524 1479 619 1540 videri
632 1498 693 1539 non
707 1482 827 1541 nescius
841 1499 920 1542 sum:
936 1482 988 1543 sed
997 1498 1085 1542 nemo

73 1569 200 1632 annales·
208 1574 328 1628 nostros
341 1586 410 1628 oum
425 1569 573 1647 scriptura
587 1586 690 1631 eorum
700 1568 895 1649 contenderit,
910 1571 962 1647 qui
969 1563 1086 1630 veteres

73 1657 176 1739 populi
190 1656 314 1717 Romani
328 1674 377 1716 res
395 1674 587 1734 conposuere.
620 1657 750 1734 ingentia
769 1656 812 1718 illi
829 1656 919 1737 bella,
938 1674 1085 1736 expugna-

72 1751 171 1808 tiones
184 1744 317 1825 urbium,
335 1745 419 1806 lusos
437 1753 599 1823 captosque
617 1762 717 1825 reges,
735 1753 787 1807 aut
805 1747 832 1806 si
850 1745 966 1825 quando
986 1745 1023 1806 ad
1042 1748 1112 1805 iri-⁵

73 1845 158 1897 terna
171 1840 404 1914 praeverterent,
423 1832 586 1894 discordias
600 1833 757 1895 consulum
770 1834 927 1896 adversum
941 1833 1085 1915 tribunos,

72 1925 204 2003 agrarias
222 1923 490 2002 frumentariasque
509 1921 603 2004 leges,
623 1921 719 2000 plebis
738 1929 768 1983 et
785 1925 973 2002 optimatium
992 1931 1085 1983 certa·

72 2016 152 2073 mina
171 2011 265 2072 libero
285 2029 407 2090 egressu
427 2009 643 2072 memorabant:
662 2010 748 2072 nobis
767 2013 799 2072 in
819 2020 883 2074 arto
898 2018 928 2073 et
942 2011 1085 2090 inglorius

72 2101 169 2181 labor;
196 2102 317 2161 immota
345 2102 454 2178 quippe
483 2106 533 2160 ant
555 2100 670 2160 modice
697 2098 833 2161 lacessita
859 2119 929 2182 pax,
956 2109 1085 2162 maestae

73 2190 158 2250 urbis
171 2207 220 2249 res
234 2197 264 2249 et
277 2190 418 2267 princeps
432 2189 603 2267 proterendi
616 2191 725 2267 imperi
742 2191 911 2250 incuriosus
926 2196 997 2250 erat.
1024 2207 1086 2250 non
1100 2199 1125 2241 10

73 2288 173 2338 tamen
196 2278 260 2337 sine
284 2295 341 2337 usu
359 2276 450 2337 fuerit
468 2279 663 2356 introspicere
682 2277 731 2337 illa
748 2280 847 2355 primo
861 2284 983 2356 aspectu
1002 2277 1086 2358 levia,

73 2385 110 2428 ex
126 2367 193 2446 quis
207 2383 380 2445 magnarum
395 2383 482 2445 saepe
496 2384 598 2426 rerum
611 2372 710 2426 motus
726 2368 872 2443 oriuntur.

140 2451 192 2516 33.
215 2451 289 2514 Nam
307 2461 430 2515 cunctas
449 2456 584 2514 nationes
602 2462 633 2514 et
650 2453 741 2515 urbes
763 2453 891 2533 populus
905 2463 956 2516 ant
976 2457 1085 2532 primo·

74 2561 124 2603 res
142 2550 194 2603 aut
213 2541 321 2619 singuli
340 2549 460 2618 regunt:
484 2541 597 2602 delecta
617 2560 652 2601 ex
672 2544 709 2602 iis
729 2550 759 2603 et
777 2544 944 2603 consociata
967 2543 1013 2601 rei
1032 2560 1085 2621 pu·

73 2631 169 2691 blicae
192 2630 288 2688 torma
310 2627 424 2689 laudari
451 2628 566 2690 laoilius
595 2647 682 2707 quam
705 2632 832 2708 evenire,
861 2628 908 2690 vel
931 2631 957 2690 si
980 2632 1086 2710 evenit,

74 2717 154 2777 hand
173 2716 314 2776 diuturna
332 2733 398 2776 esse
417 2723 523 2794 potest.
560 2718 651 2795 igitur
669 2725 703 2778 ut
721 2717 790 2777 olim
809 2716 895 2795 plebe
910 2717 1016 2800 valida,
1039 2718 1086 2781 vel

74 2822 145 2866 cum
158 2809 258 2882 patres
272 2802 426 2884 pollerent,
445 2804 594 2865 noscenda
608 2804 688 2883 vulgi
701 2813 806 2867 natura
821 2814 851 2867 et
868 2806 976 2886 quibus
990 2808 1086 2870 modis
1101 2820 1113 2861 ⁵

73 2900 277 2972 temperanter
299 2890 472 2973 baberetur,
499 2902 678 2972 senatusque
706 2901 737 2955 et
761 2896 946 2973 optimatium
968 2898 1085 2977 ingenia

73 2984 127 3061 qui
148 2982 275 3042 maxime
302 2979 532 3063 perdidicerant,
561 2981 659 3044 callidi
685 2989 853 3062 temporum
880 2992 911 3045 et
937 2988 1086 3064 sapientes

72 3069 286 3151 credebantur,
302 3071 345 3130 sic
360 3088 502 3130 converso
518 3078 596 3132 statu
611 3090 707 3151 neque
722 3070 825 3134 aliare
839 3073 982 3154 Romana,
998 3091 1086 3152 quam

144 3241 191 3306 al,
211 3246 244 3320 .¹3
263 3243 296 3295 ut
314 3239 375 3294 iure
394 3239 445 3298 iur.
465 3241 568 3298 Rider:
596 3244 629 3296 ut
648 3241 782 3297 aimundo
801 3244 875 3323 (fort.
893 3244 926 3296 ut
944 3243 973 3296 et
990 3240 1008 3295 i.
1028 3239 1058 3310 i.)
1079 3241 1084 3313 Ι

75 3317 109 3367 19
132 3310 237 3365 indicio
264 3310 439 3367 Vertrcnius:
466 3310 572 3367 iudicio
597 3314 601 3380 Ι
625 3313 671 3380 32,
691 3319 707 3368 3
726 3314 829 3368 velens
848 3313 1032 3377 Fremitum,
1054 3318 1087 3368 nt

72 3388 112 3438 est
131 3387 156 3446 1,
176 3381 441 3451 1ltcdpossiuere
462 3386 466 3452 Ι
490 3390 506 3437 6
524 3385 749 3453 praeverteretnr
765 3384 882 3439 melotam
899 3382 1059 3452 Nipperdey
1079 3383 1083 3454 l

73 3453 155 3519 ΒΜ
180 3453 341 3508 consociata
358 3453 484 3510 Ernesti:
513 3453 657 3509 consciata
681 3456 686 3525 Ι
711 3460 776 3510 are
802 3453 930 3506 Romarm
956 3453 1084 3524 Lepsios:

72 3538 163 3577 rernm
