2392 3876
135 189 177 254 58
487 188 656 245 CORNELII
674 189 793 246 TACITI
860 206 870 223 ·

201 332 252 399 33.
276 337 414 399 Proximo
433 345 553 399 senatus
572 337 620 398 die
637 336 729 399 multa
748 341 779 399 in
798 338 901 400 luxum
919 342 1046 401 civitatis
1065 340 1144 401 dicta

135 424 204 496 aO.
224 425 345 488 Haterio
366 425 527 506 consulari,
550 425 670 487 Octavio
694 425 843 487 Frontone
865 435 1004 504 praetura
1026 428 1143 508 iunctm

135 514 348 594 marcumque
366 532 404 576 na
422 531 490 575 rasa
510 532 582 575 auno
601 513 694 575 solida
714 514 916 574 ministrandis
935 514 1010 575 cibis
1028 515 1142 594 tierent,

135 621 173 665 ne
192 599 283 665 v'estis
302 603 396 664 serica
413 604 492 662 auos
513 601 652 662 foedaret.
687 604 814 662 excessit
831 601 942 661 Fronto
960 619 995 663 ac
1014 602 1141 680 postula-

109 694 179 754 aut
190 692 312 753 modam
325 696 460 767 argento,
478 688 667 769 supellectili,
687 688 825 750 familiae:
844 697 908 751 erat
922 691 1031 768 quippe
1044 688 1140 749 adhuc

135 779 278 858 irequens
301 776 501 857 senatoribus,
524 779 551 837 si
573 776 643 856 quid
662 794 679 837 c
697 796 731 838 re
749 777 867 856 publica
885 778 1054 858 crederent,
1075 776 1140 837 loco

135 868 298 927 sententiae
316 881 461 942 promere.
497 872 601 925 eontra
620 864 719 926 Gallus
737 868 857 927 Asinius
876 866 1029 927 disseruit:
1053 873 1141 926 auctu

89 1006 96 1032 ·.
133 955 253 1032 imperii
274 951 436 1014 adolevisse
459 954 548 1014 etiam
570 954 699 1031 privatas
722 971 806 1033 opes,
828 955 919 1032 idque
941 971 1002 1014 non
1025 972 1142 1033 novum,

133 1040 186 1102 sed
210 1058 227 1102 e
250 1041 459 1102 vetustissimis
480 1040 627 1102 moribus:
654 1041 740 1102 aliam
768 1043 847 1120 apud
867 1041 1034 1122 Fabricios,
1056 1042 1143 1103 eliam

93 1143 121 1184 ao
135 1129 212 1209 apud
226 1127 386 1208 dicipiones
408 1130 578 1210 pecuniam3
603 1135 633 1190 et
656 1136 763 1191 carncta
778 1131 821 1213 ,ad
844 1149 908 1190 rem
927 1129 1080 1208 publicam
1097 1148 1142 1189 re·

133 1219 219 1298 ferri,
228 1235 292 1296 uua
302 1218 389 1278 tenui
402 1223 542 1295 angustas
556 1219 665 1279 civium
679 1217 795 1300 domos,
812 1225 970 1296 postquam
983 1236 1018 1278 eo
1031 1220 1143 1295 magni·

132 1306 269 1366 floentlac
283 1306 415 1386 'venuit
439 1294 565 1384 gliscere
581 1305 724 1385 singulos.
756 1324 854 1385 neque
872 1307 904 1366 in
917 1305 1031 1366 domilia
1049 1313 1080 1366 et
1097 1324 1142 1365 ar-

106 1413 111 1422 ·
133 1402 222 1473 genta
242 1411 377 1474 qnoque
395 1393 432 1455 ad
450 1411 539 1456 usiam
557 1401 702 1472 parantur
718 1396 843 1456 nimium
861 1394 970 1472 aliquid
986 1401 1037 1456 aut
1051 1393 1142 1454 modi-

132 1501 203 1544 cum
216 1484 275 1544 nisi
292 1501 329 1544 ex
345 1482 466 1544 lontrina
484 1483 671 1561 possidentis.
699 1482 855 1545 distinctos
874 1490 994 1571 senatus
1012 1490 1043 1542 et
1060 1484 1142 1559 equi-

92 1583 120 1624 1⁵
133 1578 198 1632 tum
213 1589 334 1651 oannis,
352 1589 413 1632 nou
426 1572 496 1650 qnia
508 1570 620 1632 diversi
633 1578 750 1652 natura,
769 1572 834 1653 sed,
853 1579 887 1633 ut
901 1571 973 1633 locis
983 1570 1142 1631 ordinibus

133 1659 354 1736 dignatimibus
372 1661 526 1739 antistent,
546 1661 659 1739 italis,
678 1677 753 1738 quae
771 1660 807 1721 ad
829 1662 962 1737 requiem
983 1661 1073 1720 ammi
1092 1666 1143 1719 aut

134 1747 337 1808 salubritatem
350 1764 509 1825 corporum
522 1752 679 1825 parentur,
694 1749 751 1808 nisi
766 1748 842 1808 forte
857 1747 1142 1833 clarissimo‘cuique

132 1835 235 1914 pines
253 1852 355 1914 curas,
370 1836 485 1895 ‘maiora
503 1832 635 1910 pericula
654 1833 820 1913 subeunda,
838 1833 1044 1895 delendaentis
1058 1852 1141 1895 cura-

132 1940 201 1982 rum
220 1929 251 1983 et
266 1921 468 2000 periculorum
481 1920 644 1982 carendum
658 1937 732 1982 esse.
759 1921 874 1982 facilem
888 1921 1046 1982 adsensum
1061 1921 1141 1982 Gallo

89 2023 120 2063 aa
134 2008 190 2070 sub
198 2008 368 2070 nominibus
375 2009 508 2069 honestis
515 2008 661 2069 consessio
669 2010 807 2070 vitiorum
816 2017 846 2069 et
852 2009 1014 2070 similitudo
1022 2010 1141 2072 audien·

132 2099 208 2158 tium
229 2096 318 2158 dedit.
350 2095 499 2157 adiecerat
518 2102 550 2156 et
567 2095 705 2157 Tiberius
726 2114 786 2157 non
806 2097 837 2159 id
855 2104 976 2176 tempus
990 2116 1140 2160 >censurae

132 2202 197 2266 nec,
218 2183 337 2264 siquid
359 2185 390 2244 in
410 2182 544 2245 moribus
558 2181 682 2265 labaret,
706 2184 877 2246 defuturum
894 2186 1069 2264 <corrigendi
1090 2205 1141 2248 au-

132 2280 253 2334 uorem

176 2359 228 2423 34.
251 2360 333 2422 inter
355 2378 430 2440 quae
453 2360 486 2422 L.
509 2360 577 2422 Piso
600 2359 744 2423 ambitum
766 2363 838 2442 sori,
862 2370 1001 2442 corrarpta
1023 2363 1140 2441 iudicia,

132 2452 283 2513 saevitiam
297 2456 449 2510 oratorum
466 2451 669 2511 accusationes
686 2452 886 2512 minitantium
903 2453 1073 2531 increpans,
1092 2451 1140 2512 ab·

131 2540 176 2599 ire
190 2557 223 2600 se
238 2546 268 2600 et
279 2537 387 2600 cedere
400 2536 489 2617 urhe,
502 2540 652 2600 victurum
664 2541 696 2599 in
710 2537 808 2618 aliquo
822 2538 922 2601 abdito
934 2547 968 2601 et
979 2540 1140 2619 longinquo

132 2645 203 2688 rure
225 2626 404 2708 testulutum
425 2625 516 2687 sinaad
538 2628 651 2688 curiam
673 2625 867 2705 relinquebat.
907 2635 1071 2690 commotus
1095 2635 1140 2687 est

102 2727 118 2768 s
132 2713 279 2794 Tiberius,
293 2721 324 2774 et
336 2732 515 2793 quamquam
524 2714 650 2776 mitibus
661 2714 762 2776 verbis
776 2713 914 2778 Pisonem
927 2716 1141 2795 permulsisset,

132 2804 316 2880 propinquos
336 2820 454 2881 qnoque
472 2803 538 2863 eius
552 2802 670 2881 impulit
684 2810 718 2864 ut
732 2802 890 2865 abeuntem
899 2807 1080 2866 vanctoritate
1095 2803 1139 2863 vel

131 2889 272 2968 precihm
294 2898 440 2951 tenerent.
469 2890 551 2952 'haud
571 2894 672 2952 minus
691 2885 910 2954 liberidolonis
929 2892 1140 2957 docimentum

131 2976 293 3038 sunmerso
306 2995 375 3038 mox
386 2977 471 3040 >dedit
485 2986 587 3040 vocata
597 2980 631 3040 ia
646 2981 693 3040 ius
706 2978 879 3057 Urgulania,
893 2993 1086 3056 quaarsapra
1096 2976 1139 3036 le·

132 3082 184 3145 ges
202 3066 330 3127 amicitia
348 3064 498 3144 Augustae
511 3065 672 3127 *extulerat
708 3081 763 3128 nec
783 3074 834 3127 aut
850 3065 1010 3143 Urgulania
1025 3073 1138 3144 optem·

201 3234 285 3315 ΒΜ
303 3232 395 3315 sirica,
413 3251 461 3290 ean.
479 3234 567 3291 Ram.
587 3234 593 3306 Ι
615 3240 632 3290 o
651 3236 727 3361 {grat
744 3276 751 3292 .
770 3278 777 3292 .
796 3234 935 3315 promere]
954 3234 1114 3316 Nippouey
1134 3237 1138 3305 Ι

133 3307 166 3359 15
185 3306 219 3359 ut
234 3306 309 3359 arcui
326 3304 396 3359 locas
416 3305 537 3370 Urlichs,
555 3304 588 3359 ut
605 3307 635 3359 et
682 3308 722 3361 cis
737 3349 743 3362 .
759 3346 765 3360 .
780 3306 919 3361 antistant
936 3306 966 3360 et
984 3304 1049 3360 ahrs
1068 3322 1140 3374 qaae

137 3373 268 3441 Woitler,
285 3377 326 3442 ui,
339 3374 394 3444 qui
415 3372 712 3443 indignationibus,
740 3373 878 3430 munuae
905 3377 935 3430 ei
965 3375 1031 3430 aliis
1053 3377 1139 3457 Nipp.

131 3445 166 3512 of.
187 3445 229 3501 W.
251 3446 352 3500 Olemm
369 3445 407 3503 N.
423 3444 499 3502 Mus.
512 3446 587 3500 rhen.
603 3449 648 3511 33,
662 3448 737 3512 3181
754 3452 786 3502 ts
804 3445 846 3500 ita
862 3444 898 3500 iia
915 3445 1046 3516 liutperti:
1064 3446 1140 3501 Talis

130 3515 173 3586 (et
191 3513 255 3570 aliis
266 3516 387 3585 Grotius,
405 3513 448 3571 ita
465 3514 529 3571 aliis
546 3514 678 3585 Piclaeoc)
695 3514 1064 3586 {enthimematum
1081 3517 1141 3572 lore

1090 3800 1192 3838 ..n-mi.
