2392 3876
268 171 315 225 AB
334 161 495 228 EXCESSU
513 170 672 228 AUGUSTI
690 171 736 226 ΠΙ.
758 178 870 228 15-18.
1042 173 1085 238 93

72 340 191 402 gravem
209 340 309 384 casnm
328 323 496 383 miseratus.
532 339 587 400 pro
606 319 746 382 Plancina
766 340 834 383 cum
852 322 967 400 pudore
986 329 1017 382 et
1035 321 1085 383 fla·

72 413 145 490 gitio
155 411 304 491 disseruit,
318 413 421 472 matris
430 427 536 489 preces
546 409 719 490 obtendens,
733 413 765 470 in
775 428 863 489 quam
873 413 978 489 optimi
987 413 1085 472 cuius·
1099 427 1112 469 ι

73 518 131 579 que
154 501 263 561 secreti
285 507 409 578 questus
432 501 525 577 magis
549 498 752 559 ardescebant.
788 500 818 559 id
839 517 909 578 ergo
928 500 972 560 fas
995 502 1086 580 aviae,

72 590 304 650 interfectricem
327 590 445 666 nepotis
468 587 634 666 adspicere,
663 587 795 669 adloqui,
821 589 937 666 eripere
960 591 1085 649 senatui.

73 676 152 756 quod
166 695 221 756 pro
236 676 373 738 omnibns
388 676 503 738 civibus
513 675 593 754 leges
603 674 763 755 obtineant,
778 678 832 736 nni
841 675 1016 738 Germanico
1026 694 1086 736 non

72 768 242 844 contigisse.
279 764 389 825 Vitellii
412 772 443 825 et
466 763 584 824 Veranii
601 783 672 825 voce
697 763 838 826 defletum
857 763 1026 845 Caesarem,
1049 763 1086 824 ab

72 857 252 933 imperatore
267 860 296 914 et
310 853 443 932 Augusta
457 852 608 914 defensam
622 850 800 914 Plancinam.
828 853 954 931 proinde
973 871 1086 914 venena
1101 869 1126 909 ro

73 951 104 1002 et
117 951 196 1002 artes
211 950 271 1002 tam
284 940 411 1002 feliciter
425 950 562 1021 expertas
581 949 711 1003 verteret
728 944 760 1003 in
776 941 982 1026 Agrippinam,
1001 943 1033 1001 in
1053 941 1086 1001 li-

74 1030 163 1091 beros
181 1032 258 1111 eius,
278 1033 485 1109 egregiamque
505 1033 599 1091 aviam
618 1048 652 1092 ac
670 1037 812 1110 patruum
826 1031 969 1109 sanguine
983 1031 1087 1091 miser·

74 1122 166 1180 rimae
185 1119 290 1180 domus
309 1121 474 1181 exsatiaret
512 1118 636 1180 biduum
657 1136 748 1198 super
766 1119 849 1179 hac
841 1121 968 1198 imagine
988 1119 1087 1193 cogni·

73 1209 163 1268 tionis
181 1208 384 1289 absumptum,
403 1215 550 1286 urguente
564 1205 684 1268 Tiberio
702 1207 813 1267 liberos
826 1207 944 1268 Pisonis
962 1194 1088 1268 matrem

74 1299 119 1358 uti
131 1304 296 1358 tuerentur.
330 1305 361 1357 et
374 1314 443 1358 cum
457 1302 646 1356 accusatores
660 1314 694 1357 ac
710 1301 803 1356 testes
817 1298 953 1357 certatim
967 1313 1086 1374 perora·
1102 1311 1127 1352 15

74 1392 143 1445 rent
164 1384 363 1462 respondente
385 1383 480 1463 nullo,
502 1385 653 1443 miseratio
676 1401 765 1462 quam
788 1383 897 1443 invidia
916 1383 1087 1462 angebatur.

75 1474 190 1551 primus
208 1474 385 1532 sententiam
403 1479 524 1548 rogatus
538 1469 677 1531 Aurelius
692 1469 778 1531 Cotta
796 1472 901 1532 consul
915 1466 999 1551 (nam
1012 1471 1088 1532 refe·

75 1567 160 1619 rente
174 1557 299 1620 Caesare
312 1561 502 1638 magistratus
516 1577 551 1619 eo
566 1561 655 1620 etiam
669 1576 792 1620 munere
806 1552 1021 1642 fungebantur)
1037 1578 1089 1619 no·

75 1666 144 1707 men
153 1648 270 1708 Pisonis
279 1647 461 1709 eradendum
476 1647 560 1708 fastis
574 1649 699 1728 censuit,
713 1655 827 1726 partem
838 1647 984 1708 bonorum
994 1646 1089 1726 publi·

75 1736 208 1817 eandam,
225 1754 295 1815 pars
313 1744 347 1797 nt
361 1735 412 1797 (ln.
427 1735 528 1796 Pisoni
545 1735 606 1795 filio
625 1736 841 1797 concederetur
859 1738 945 1815 isque
963 1754 1087 1815 praeno·
1102 1755 1128 1796 so

74 1842 143 1885 men
152 1832 294 1904 mutaret3
308 1824 345 1886 M.
355 1824 423 1885 Piso
434 1832 520 1886 exuta
535 1824 677 1903 dignitate
692 1831 722 1886 et
736 1832 857 1902 accepto
871 1824 1089 1904 quinquagiens

75 1916 212 1974 sestertio
226 1915 258 1972 in
273 1913 375 1973 decem
390 1931 482 1974 annos
500 1912 696 1993 relegaretur,
715 1930 858 1974 concessa
871 1911 1029 1974 Plancinae
1044 1916 1087 1975 in·

75 2001 245 2063 columitate
259 2000 297 2062 ob
311 2019 416 2080 preces
431 2002 589 2080 Augustae.

144 2087 193 2151 18.
216 2089 308 2150 Multa
326 2108 362 2150 ex
381 2108 415 2151 ea
434 2092 581 2150 sententia
602 2092 734 2168 mitigata
753 2098 824 2150 sunt
842 2109 858 2150 a
876 2091 1026 2168 principe:
1050 2108 1088 2151 ne

75 2196 184 2240 nomen
197 2178 313 2239 Pisonis
327 2178 412 2240 fastis
426 2180 619 2257 eximeretur,
634 2178 751 2257 quando
765 2177 803 2239 lli.
818 2178 947 2258 Antonii,
961 2180 1014 2257 qui
1028 2178 1088 2239 bel-

75 2268 138 2328 lum
151 2269 263 2347 patriae
278 2267 410 2346 lecisset,
424 2266 481 2327 luli
493 2267 627 2347 Antonii,
642 2269 694 2346 qui
707 2265 828 2327 domum
844 2267 970 2345 Augusti
983 2267 1088 2328 violas·

76 2363 135 2436 set,
153 2362 316 2417 manerent.
344 2362 375 2415 et
392 2354 429 2415 M.
448 2355 586 2415 Pisonem
603 2357 782 2433 ignominiae
801 2357 910 2416 exemit
928 2358 1088 2417 concessit-

76 2462 134 2524 que
149 2447 177 2505 ei
190 2453 312 2522 paterna
326 2442 416 2524 bona,
430 2446 502 2503 satis
516 2444 632 2512 firmus,
646 2451 681 2505 ut
695 2461 783 2522 saepe
797 2446 971 2524 memoravi,
986 2445 1089 2504 adver·
1103 2461 1115 2503 s

76 2550 143 2593 sum
156 2534 314 2612 pecuniam
328 2540 358 2592 et
371 2540 435 2592 tum
449 2531 563 2610 pudore
578 2530 729 2592 absolutae
737 2531 894 2593 Plancinae
908 2531 1088 2610 placabilior.

76 2629 166 2700 atque
179 2621 266 2701 idem,
281 2640 349 2683 cum
364 2619 497 2681 Valerius
511 2618 686 2681 Messalinus
701 2623 823 2699 signum·
833 2637 957 2681 aureum
971 2622 1003 2680 in
1017 2621 1089 2681 aede

76 2709 180 2770 Martis
188 2708 307 2788 Ultoris,
322 2709 446 2770 Caecina
457 2709 584 2770 Severus
600 2727 679 2770 aram
693 2708 815 2770 ultionis
826 2708 1012 2770 statuendam
1022 2728 1090 2770 cen·

77 2799 217 2879 suissent,
231 2797 397 2877 prohibuit,
412 2797 450 2858 ob
465 2804 601 2858 externas
616 2816 650 2858 ea
664 2800 803 2858 victorias
817 2799 928 2859 sacrari
942 2797 1090 2880 dictitans,

75 2886 239 2949 domestica
257 2885 333 2946 mala
350 2889 470 2947 tristitia
490 2886 657 2965 operienda.
686 2886 838 2947 addiderat
851 2885 1027 2947 Messalinus
1042 2887 1089 2947 Ti-
1104 2904 1130 2945 ro

74 2974 161 3037 herio
184 2983 215 3036 et
232 2977 382 3054 Augustae
405 2983 435 3037 et
456 2975 600 3036 Antoniae
624 2983 654 3035 et
672 2975 851 3054 Agrippinae
870 2974 1026 3054 Drusoque
1051 2974 1089 3036 ob

147 3163 193 3230 1⁷,
214 3169 247 3218 10
264 3163 382 3233 proinde
401 3163 564 3219 Rhenanus:
583 3162 700 3232 perinde
716 3166 721 3234 Ι
738 3169 770 3219 te
791 3163 963 3218 eradendum
976 3164 1088 3219 Baiter.

75 3233 241 3302 radendum,
270 3237 304 3302 cs.
323 3240 350 3301 4,
368 3239 412 3299 42,
432 3239 467 3290 17
491 3239 495 3303 Ι
520 3239 554 3289 22
571 3234 746 3303 relegeretur
770 3234 898 3316 Lipsius:
927 3207 1090 3306 religaturl

75 3304 123 3373 18,
142 3303 232 3360 etuti
250 3304 377 3376 Lipsius:
396 3277 460 3358 i'utii
476 3312 480 3372 Ι
497 3311 513 3359 8
532 3304 648 3360 ultionis
667 3306 779 3374 scripsi:
798 3303 913 3371 ultioni,
934 3322 985 3360 aro
1004 3312 1089 3360 stutu-

75 3346 149 3431 enda
166 3382 225 3431 erat
243 3378 275 3431 ob
293 3378 424 3431 ultionem
438 3378 594 3500 perfectam,
613 3378 649 3444 cf.
672 3382 694 3444 1,
713 3381 799 3431 Aere
817 3346 987 3455 adoptlonis
1008 3381 1034 3443 4,
1054 3381 1090 3432 74

76 3461 128 3501 nra
140 3445 316 3515 clementiae,
331 3464 381 3502 ara
395 3446 546 3528 amicitiae,
561 3447 633 3503 Suet.
646 3419 697 3503 Gal
714 3451 734 3502 8
747 3445 829 3501 addrt
842 3445 930 3499 etiam
942 3463 993 3516 pro
1008 3464 1090 3516 argu-

75 3517 172 3572 mento
191 3532 255 3573 aras
272 3490 316 3573 iol
333 3517 470 3573 ostendi
461 3489 580 3588 mscrlpl
580 3535 611 3573 ns
632 3518 680 3573 ‘ob
692 3516 872 3587 Agrippinae
889 3519 1088 3589 puerperium’
