2392 3876
140 173 183 235 34
487 168 656 224 CORNELII
674 167 795 224 TAOlTl

206 318 257 383 63.
277 316 335 381 Sed
345 318 538 380 Germanicus
552 318 708 379 cedentem
720 321 752 382 ln
766 321 829 381 avie
839 307 1006 382 Arminium
1021 330 1158 406 secutus,

140 409 191 471 ubi
200 411 330 488 primum
340 411 424 487 copia
434 408 499 489 init,
512 407 598 468 evehi
608 409 724 485 equites
734 426 939 490 campumque,
954 427 1046 488 quom
1059 409 1158 475 bostis

140 498 301 579 insederat,
320 500 396 576 eripi
410 496 500 557 iubet.
529 495 679 556 Arminius
694 497 793 577 colligi
811 515 882 558 snos
901 504 931 558 et
949 499 1155 578 propinquare

140 587 221 648 silvis
236 589 364 648 monitos
378 587 466 645 vertit
481 590 616 663 repente:
630 602 698 646 mox
713 588 831 664 signum
842 586 1061 666 prorumpendi
1073 587 1156 649 dedit

114 679 185 756 siis,
209 693 284 754 quos
303 692 357 754 per
376 674 467 734 saltus
491 671 697 735 occultaverat.
734 682 806 735 tnnc
828 692 903 735 nova
926 676 990 735 scie
1013 675 1155 737 turbatus

141 782 242 844 eques,
256 765 422 841 missaeque
437 761 631 822 subsidiariae
646 761 783 824 cohortes
798 770 829 823 et
844 763 1023 841 fugientium
1036 765 1155 842 ogmine

141 851 285 930 impulsae
299 858 442 912 auxerant
456 851 739 933 consternationem,
753 850 1011 930 trudebanturque
1025 845 1063 911 in'
1075 852 1154 932 paln-

142 941 209 1000 dem
226 957 345 1018 gnaram
360 938 560 1019 vincentibus,
578 941 710 1017 iniquam
728 941 847 1019 nesciis,
864 941 897 999 ni
913 938 1025 1000 Cessas·
1044 941 1154 1019 produ·

142 1034 204 1089 ctas
218 1027 349 1105 legiones
363 1029 567 1089 instruxisset:
581 1027 649 1087 inde
661 1027 797 1089 hostibus
809 1035 917 1108 terror,
930 1027 1041 1091 ilducie
1054 1029 1156 1111 militi,

102 1133 127 1172 1o
143 1125 172 1176 et
197 1116 333 1177 manibus
359 1118 462 1194 aequis
487 1115 679 1194 abscessum..
703 1134 771 1177 mox
798 1116 923 1181 reducto
951 1115 988 1176 ed
1011 1115 1154 1179 Anisiam

142 1207 276 1265 exercitu
294 1203 425 1283 legiones
448 1203 554 1284 classe,
578 1211 611 1265 ut
629 1205 799 1287 advexerat,
817 1211 962 1286 reportat3
981 1221 1054 1283 pars
1074 1208 1155 1286 oqui·

143 1303 206 1354 tum
220 1293 306 1353 litore
321 1292 431 1354 Oceani
446 1299 549 1372 petere
567 1291 704 1354 Rhenum
721 1295 817 1375 iussa;
835 1292 973 1372 Caecina,
994 1295 1049 1372 qni
1068 1312 1154 1357 snum

142 1382 265 1442 militem
280 1381 419 1462 ducebat,
435 1383 578 1462 monitus,
595 1399 773 1461 quamquam
787 1383 865 1442 notis
878 1379 1041 1442 itineribus
1056 1401 1155 1462 regre-

143 1473 276 1551 deretur,
295 1478 401 1550 pontes
415 1469 518 1549 longos
532 1488 621 1548 quom
636 1471 810 1531 maturrime
828 1487 980 1548 superare.
1008 1478 1155 1549 angustus

104 1563 169 1623 lois
188 1569 297 1621 trames
315 1568 412 1621 vastos
428 1561 508 1620 inter
525 1558 649 1637 paludes
667 1564 698 1618 et
716 1558 864 1637 quondum
882 1556 945 1618 aL.
959 1555 1095 1620 Domitio
1111 1577 1155 1638 ag-

143 1659 276 1730 geratns,
296 1656 394 1710 cetera
410 1647 526 1727 limosa,
546 1649 659 1707 tenacia
673 1649 756 1724 gravi
769 1664 860 1707 caeno
879 1652 930 1707 ant
947 1647 1021 1707 rivis
1041 1648 1155 1710 incerte

143 1746 241 1817 erant3
264 1740 378 1797 circum
396 1736 485 1796 silvae
503 1734 644 1813 paulatim
662 1735 802 1816 adclines,
823 1752 898 1814 quas
917 1741 981 1794 tum
1001 1733 1155 1807 Arminius
1190 1812 1193 1817 Ι

144 1826 277 1905 inplevit,
296 1825 479 1903 compendiis
492 1825 606 1884 viarum
620 1830 651 1884 et
664 1825 724 1883 cito
739 1824 854 1902 agmine
868 1829 1010 1883 onustum
1028 1826 1156 1889 sarcinis

144 1916 292 1991 armisque
304 1912 428 1973 militem
441 1931 509 1973 cum
524 1914 730 1972 antevenissct.
754 1911 895 1972 Caecinae
909 1909 1073 1994 dubitenti,
1088 1930 1155 1994 qun·

104 2017 131 2056 eo
144 2020 212 2062 nam
225 2001 313 2061 modo
330 2009 435 2079 ruptos
450 2008 597 2061 vetustate
615 2008 722 2079 pontes
740 2005 899 2079 reponeret
916 1998 1073 2079 simulque
1092 2018 1155 2081 pro·

144 2089 275 2169 pulsaret
286 2090 414 2171 bostem,
429 2097 524 2150 castra
538 2091 645 2149 metari
657 2090 689 2149 in
703 2088 769 2148 loco
782 2087 906 2168 placuit,
920 2093 954 2148 ut
968 2105 1049 2166 opus
1064 2089 1156 2152 stolii

144 2177 290 2258 proelium
303 2179 478 2271 inciperept.

212 2264 263 2328 64.
286 2265 409 2326 Bnrberi
424 2266 609 2344 periringere
626 2267 767 2326 stationes
786 2282 877 2344 seque
896 2264 1007 2324 inferre
1026 2269 1155 2328 munito·

145 2356 229 2416 ribus
243 2357 302 2415 nisi
314 2354 477 2433 lacessunt,
496 2354 799 2434 circumgrediuntur,
818 2360 989 2414 occursant:
1009 2356 1156 2417 miscetur

146 2445 332 2523 operantium
350 2441 580 2521 bellantiumque
599 2440 718 2503 clamor.
746 2450 776 2503 et
794 2448 901 2502 cuncto
919 2442 1034 2525 pariter
1054 2442 1155 2505 liuma-
1185 2510 1191 2533 ι

146 2537 192 2595 nis
207 2534 341 2612 adverso,
355 2531 439 2592 loeus
454 2530 563 2608 uligine
577 2530 736 2610 profunda,
752 2530 831 2590 idem
845 2530 880 2589 ad
895 2528 1019 2608 gradum
1035 2531 1156 2594 instabi·
1186 2538 1189 2543 '

119 2623 195 2702 olis,
221 2619 452 2699 procedentibus
478 2618 625 2700 lubricus,
647 2636 772 2697 corporo
795 2620 894 2696 grevia
917 2617 1034 2699 loricis;
1060 2637 1156 2702 neque

147 2709 255 2770 librare
278 2709 336 2788 pila
359 2711 438 2770 inter
460 2708 555 2768 undas
580 2714 725 2787 poterant.
762 2714 863 2767 contra
887 2704 1051 2767 Cheruscis
1075 2716 1156 2771 suen
1190 2706 1193 2711 ’

147 2798 224 2877 apud
248 2797 370 2876 paludes
388 2796 508 2876 proelia,
531 2815 655 2875 procero
673 2793 820 2874 membra,
843 2795 945 2855 bastae
963 2795 1106 2872 ingentes
1125 2795 1156 2857 ad

147 2886 267 2946 vulnera
283 2886 414 2946 iacienda
429 2887 562 2964 quamvis
575 2883 688 2964 procul.
712 2901 771 2944 nox
781 2883 899 2945 demum
912 2880 1089 2947 inclinantis
1103 2888 1158 2947 iun

148 2973 278 3053 legiones
297 2975 436 3036 adversae
454 2991 569 3052 pugnos
588 2975 705 3034 exemit,
738 2971 877 3032 Germani
895 2970 933 3031 ob
951 2988 1101 3050 prospera
1119 2977 1157 3037 ln

107 3079 134 3118 1o
148 3064 265 3143 defessi,
279 3081 317 3122 ne
329 3069 393 3123 turn
405 3062 525 3141 quidem
540 3068 656 3140 sumpta
670 3063 779 3141 quiete,
793 3068 936 3139 quantum
947 3077 1097 3138 squamam
1106 3066 1158 3125 oir

149 3170 216 3213 cnm
232 3151 422 3229 surgentibus
442 3152 520 3228 iugis
535 3152 631 3211 oritur
649 3158 765 3210 vertere
786 3150 818 3208 in
834 3147 981 3228 subiecta,
1000 3166 1159 3232 mersaque

148 3241 238 3301 humo
254 3248 283 3301 et
297 3237 403 3300 obruto
419 3239 498 3317 quod
513 3239 651 3299 ellectum
664 3239 763 3317 operis
778 3236 946 3314 duplicatus
959 3235 1050 3298 militi
1069 3238 1159 3302 labor.

219 3446 265 3512 bd,
281 3451 312 3500 11
333 3444 404 3498 duas
422 3441 548 3524 legiones
563 3445 721 3510 Dederlee'o,
742 3439 879 3512 [legiones
890 3471 923 3480 -
933 3444 1075 3517 reportet]
1089 3447 1160 3519 Nip·
1177 3390 1187 3493 d

144 3518 246 3588 perdey
262 3519 267 3584 1
283 3514 328 3584 64,
350 3522 363 3570 1
384 3531 463 3584 sequn
478 3517 482 3584 Ι
498 3520 514 3569 8
533 3532 589 3569 nox
607 3517 639 3565 sd
671 3514 857 3568 Frobeniomu:
876 3527 940 3565 mox
