2392 3876
132 133 177 197 96
484 126 656 182 CORNELII
671 125 790 180 iacnt

93 299 119 340 ιε
132 280 263 342 Drusum
276 276 430 339 consulem
439 276 627 354 designatum
636 274 778 335 dicendae
787 277 886 352 primo
895 273 969 335 loeo
979 279 1162 356 sententiae3

133 369 213 448 qnod
236 367 287 428 alii
308 366 394 427 riute
417 365 575 443 rebantur,
597 383 635 424 ne
653 366 763 423 ceteris
781 363 978 424 adsentiendi
996 367 1163 426 necessitas

133 459 232 535 tieret,
246 456 366 535 quidam
380 454 417 514 ad
431 455 584 513 saevitiam
597 451 768 512 trabebant:
786 453 988 530 nequeenim
1003 471 1164 515 cessurum

132 549 193 606 nisi
206 544 365 605 damnandi
379 543 486 602 ollicio.

199 632 252 695 23.
271 631 383 709 Lepida
401 630 540 689 ludorum
559 627 678 706 diebus,
696 631 749 706 qui
767 630 975 705 cognitionem
988 631 1164 692 intervene

133 732 214 799 rant,
241 721 392 781 theatrum
419 735 489 777 curn
511 716 600 775 claris
622 717 740 776 leminis
762 720 912 795 ingressa,
942 716 1165 781 lamentatione

133 810 226 870 tlebili
238 810 367 868 maiores
381 824 452 865 suos
466 807 550 865 ciens
563 806 720 883 ipsumque
735 804 924 883 Pompeium,
938 808 1039 867 cuius
1054 827 1095 869 ea
1107 827 1165 869 mo·

134 902 267 959 nimenta
280 904 311 955 et
324 894 476 954 adstantes
490 895 633 970 imagines
647 893 832 971 visebantur,
851 902 973 953 tantum
986 897 1166 958 misericor·

108 987 201 1046 sdiac
229 986 390 1062 permovit,
416 993 450 1041 ut
478 981 564 1041 ellani
591 983 623 1040 in
650 981 787 1041 lacrimas
814 1000 901 1041 sacra
923 990 957 1041 et
981 983 1167 1047 detestanda

135 1074 273 1144 Quirinio
286 1071 486 1147 clamitarent,
504 1072 591 1130 cuius
610 1080 746 1129 senectae
761 1080 850 1148 atque
864 1069 992 1131 orbitati
1006 1080 1045 1133 et
1058 1073 1168 1136 obscu-

135 1165 272 1223 rissimae
294 1161 397 1220 domui
415 1159 561 1218 destinata
580 1158 728 1236 quondam
746 1177 823 1218 uxor
839 1158 873 1217 L.
891 1157 1020 1220 Caesari
1040 1180 1083 1223 ae
1101 1163 1167 1225 divo

135 1253 270 1329 Angusto
283 1267 380 1309 nurns
392 1247 563 1308 dederetur.
581 1246 651 1306 dein
664 1250 822 1307 tormentis
835 1265 997 1308 serrorum
1011 1252 1169 1326 patefacta

136 1350 207 1400 sunt
229 1338 338 1417 llagitia
361 1341 496 1415 itumque
519 1337 551 1394 in
573 1338 751 1395 sententiam
769 1334 888 1394 llubelli
910 1334 1039 1417 Blandi,
1065 1359 1087 1400 a
1110 1358 1168 1420 quo

97 1446 124 1487 ro
136 1447 212 1507 aqna
226 1438 315 1507 atque
329 1429 392 1505 igni
405 1425 571 1485 arcebatur.
597 1423 669 1484 huic
684 1423 798 1483 Drusum
812 1423 960 1501 adsensit,
975 1444 1169 1508 quamquam

136 1518 188 1578 alii
201 1520 303 1577 mitius
316 1517 513 1576 censuissent.
545 1531 613 1572 mox
628 1511 754 1583 Scauro,
773 1515 826 1591 qui
839 1511 930 1571 liliam
943 1530 984 1572 ex
998 1532 1038 1575 ea
1053 1535 1169 1594 genae.

136 1616 192 1685 rat,
205 1606 316 1684 datum,
329 1623 367 1664 ne
381 1603 459 1663 bona
472 1602 705 1680 publicarentur.
725 1610 791 1660 tum
804 1600 925 1660 demum
938 1606 1070 1679 aperuit
1080 1605 1169 1667 'libe-

136 1698 201 1755 rius
219 1703 397 1772 conpertum
414 1690 473 1750 sibi
491 1692 581 1750 etiam
599 1707 636 1748 ex
650 1688 682 1748 P.
696 1687 827 1758 Quirinii
844 1690 940 1749 serris
953 1707 1084 1755 venam
1099 1713 1168 1756 eum

137 1803 154 1843 a
167 1783 280 1860 Lepida
293 1783 428 1860 petitum.

204 1869 256 1930 Ἀ
279 1869 454 1928 lnlustrium
476 1865 619 1925 domuum
636 1864 760 1924 adversa
784 1859 909 1945 ¹(etenim
927 1864 1012 1926 baud
1031 1871 1171 1933 multum

138 1959 260 2018 distami
278 1968 412 2034 tempore
426 1953 579 2031 Calpurnii
591 1952 742 2029 Pisonem,
756 1952 873 2013 Aemilii
888 1952 1037 2031 Lepidam
1057 1963 1171 2023 amisa

138 2042 220 2123 rant}
239 2044 349 2104 solacio
368 2043 476 2102 adiecit
491 2041 524 2102 ll.
538 2041 657 2100 Silanus
670 2040 771 2100 luniae
789 2040 917 2101 lamiliae
935 2042 1095 2109 redditus
1124 2068 1171 2111 ca

139 2153 206 2194 snm
219 2135 286 2193 eius
299 2134 403 2210 paucis
417 2139 558 2209 repetam.
585 2140 620 2188 ut
638 2128 733 2188 ralida
746 2129 814 2188 diro
827 2131 964 2207 august»
976 2132 1013 2192 in
1028 2153 1102 2196 rem
1117 2156 1171 2216 pu.

112 2239 126 2279 s
139 2223 246 2283 blicam
261 2222 389 2299 loctuna,
402 2222 444 2279 ita
457 2218 538 2278 domi
551 2220 725 2295 inprospera
739 2217 794 2276 tuit
808 2216 848 2276 ob
861 2218 1080 2296 inpudicitiam
1092 2226 1172 2287 tiliae

139 2331 172 2372 ac
192 2313 304 2388 neptis,
326 2327 400 2387 quas
418 2306 492 2367 urbe
510 2305 624 2384 depulit
642 2305 851 2384 adulterosque
870 2324 976 2366 earum
994 2322 1104 2374 morte
1119 2322 1173 2375 aut

140 2402 208 2479 luga
231 2400 356 2477 punivit
392 2414 461 2456 nam
479 2394 597 2472 culpam
615 2395 695 2453 inter
711 2396 792 2453 siros
809 2412 843 2454 ac
863 2395 991 2456 leminas
1009 2399 1172 2479 vulgatam

139 2492 222 2568 gravi
249 2489 369 2548 nomine
395 2484 543 2544 laesarum
569 2481 747 2559 religionum
775 2500 809 2543 ac
839 2483 966 2543 violatae
993 2491 1172 2553 mausum

140 2577 314 2657 appellando
332 2574 520 2635 clementiam
538 2573 684 2630 maiorum
702 2587 831 2648 suasque
849 2573 914 2648 ipse
928 2571 1012 2650 leges
1027 2580 1172 2656 egredi&

101 2681 128 2720 to
140 2667 237 2726 batur.
265 2665 317 2724 sed
332 2663 458 2723 aliorum
471 2663 583 2737 exitus,
601 2657 690 2718 simul
704 2669 803 2718 cetera
821 2657 902 2719 illius
920 2664 1032 2723 aetatis
1051 2684 1171 2729 memo-

140 2754 227 2831 rabo,
246 2756 273 2812 si
291 2753 404 2812 ellectis
422 2754 454 2810 in
472 2767 548 2828 quae
566 2746 679 2807 tetendi
696 2745 799 2823 plures
817 2746 853 2805 ad
871 2765 962 2808 curas
980 2752 1080 2814 sitam
1100 2775 1172 2834 pm.

141 2843 264 2902 duxero.
291 2840 325 2899 D.
339 2839 457 2899 Silanus
471 2841 502 2898 in
516 2839 600 2915 nepti
613 2836 740 2911 Augusti
753 2834 884 2913 adulter,
902 2854 1092 2917 quamquam
1108 2863 1173 2905 non

141 2931 219 2991 ultra
234 2930 310 2988 loret
325 2931 482 3001 saevitum,
495 2944 584 3004 quam
598 2934 631 2983 ut
645 2924 775 2982 amicitia
788 2922 924 2983 Caesaris
937 2926 1173 3013 prohiberetur,

142 3020 264 3080 exilium
282 3016 340 3076 sibi
358 3015 557 3074 demonstrari
575 3009 731 3089 intellexit,
750 3029 805 3071 nec
824 3014 884 3071 nisi
897 3010 1022 3074 Tiberio
1041 3020 1173 3099 imperi-

103 3122 130 3163 ιε
144 3119 224 3170 tante
248 3105 402 3182 deprecari
425 3112 561 3162 senatum
583 3118 617 3160 ac
640 3101 805 3177 principem
828 3118 921 3160 ausus
943 3112 992 3162 est
1009 3103 1050 3165 ll
1072 3106 1176 3169 Silani

143 3199 245 3258 tratris
258 3195 403 3274 potentia,
422 3193 475 3269 qui
488 3207 543 3268 per
556 3190 702 3265 insignem
716 3186 900 3248 nobilitatem
913 3198 946 3249 et
959 3189 1174 3271 eloquentiam

215 3331 261 3397 ἢ
280 3324 518 3389 misericordia
541 3341 588 3378 cut.
607 3322 725 3392 Lipsius
748 3376 753 3387 ,
777 3320 824 3387 st,
844 3330 859 3377 1
878 3323 988 3379 etenim
1006 3327 1174 3386 ΠΜ,

107 3450 112 3457 .
144 3401 258 3456 adenim
274 3432 278 3437 -
296 3408 327 3454 11
346 3396 457 3453 tetendi
475 3396 601 3450 Ernesti:
628 3392 708 3447 tendi
728 3391 848 3461 qintendi
865 3393 975 3465 Hense)
989 3399 996 3465 Ι
1012 3403 1048 3453 16
1066 3398 1175 3456 finni.

144 3473 233 3527 fretus
251 3470 381 3542 potentia
398 3468 596 3536 1322:me
