2392 3876
130 164 195 229 160
480 158 788 217 consummem

129 314 196 375 dam
209 312 385 374 libertorum
400 319 429 372 et
443 313 569 390 petitum
584 328 615 371 se
630 328 767 391 arguens,
781 309 985 389 ultionemque
1000 309 1087 372 haud
1098 311 1148 372 ob·

129 420 216 464 seure
230 401 379 481 poscebat.
407 419 462 461 nee
481 417 563 460 mora
582 401 654 478 quin
674 399 898 479 decerneretur3
917 406 947 458 et
965 398 1149 463 trahebatur

102 506 115 546 a
130 492 297 571 damnatus,
317 497 461 570 quantum
479 488 606 549 obducta
620 494 702 549 veste
717 495 748 549 ct
761 487 909 548 adstrictis
929 487 1073 550 saucibus
1093 491 1148 550 niti

129 587 260 661 poterat,
278 579 431 640 clamitans
451 579 493 638 sie
512 577 646 638 inchoari
665 594 787 657 annum,
807 576 859 636 bas
879 575 1146 639 Seiano,victimas
1183 587 1186 593 ’

130 670 244 730 eadere.
277 687 336 747 quo
355 666 532 727 intendisset
550 665 665 746 oeulos,
684 683 743 744 quo
762 663 852 725 verba
870 664 1058 747 acciderent,
1078 666 1147 745 fuga

129 761 258 837 vastitas,
274 756 371 816 deseri
384 756 492 815 itinera
505 755 577 815 fora.
604 761 635 815 et
649 753 769 833 quidam
782 753 1030 832 regrediebantur
1046 763 1145 816 osten-

130 846 290 924 tabantque
309 862 340 904 se
360 861 495 923 rursum,
518 843 548 903 id
571 845 669 922 ipsum
687 849 841 922 paventes,
865 842 944 921 quod
963 845 1145 906 timuissent

15 953 19 966 ·
90 952 115 990 ιο
130 950 219 1014 quem
234 935 312 993 enim
327 932 405 992 diem
419 947 545 992 vacuum
559 949 667 1011 poena,
686 931 739 992 ubi
752 933 831 992 inter
845 948 928 991 sacra
943 938 974 991 et
987 940 1072 1014 rota,
1088 951 1145 1012 quo

65 1019 69 1027 '
130 1030 263 1099 tempore
277 1019 376 1081 verbis
391 1021 479 1080 etiam
492 1020 625 1099 profanis
644 1019 787 1081 abstineri
804 1038 869 1080 mos
887 1021 1099 1102 esset,4vincla
1118 1030 1146 1082 et

129 1110 252 1189 laqueus
271 1105 473 1170 inducantur?
492 1108 779 1186 noninprudentem
794 1107 947 1169 Tiberium
965 1115 1083 1170 tantam
1101 1111 1144 1170 iu-

129 1198 238 1259 vidium
252 1198 357 1277 adisse,
371 1204 417 1258 set
432 1199 599 1277 quaesitum
609 1196 850 1278 meditatumque,
864 1215 903 1258 ne
913 1197 985 1276 quid
995 1198 1144 1277 impedire

131 1287 278 1367 credatur,
298 1305 357 1366 quo
376 1287 474 1347 minus
493 1289 561 1346 nori
574 1287 779 1366 magistratus,
799 1304 857 1365 quo
871 1285 959 1346 modo
973 1284 1103 1348 delubra
1117 1295 1146 1348 ct

92 1392 117 1432 15
131 1375 241 1457 altaria,
261 1378 303 1438 sic
318 1393 469 1436 carcerem
483 1375 645 1436 recludant.
673 1381 792 1435 secutae
807 1377 931 1452 insuper
943 1373 1064 1436 litterae
1079 1394 1145 1455 gra-

131 1473 176 1527 tes
191 1468 315 1546 agentis,
329 1465 408 1544 qnod
421 1464 571 1525 hominem
584 1463 732 1523 insensum
748 1465 792 1524 rei
801 1462 937 1541 publicae
945 1465 1145 1545 punivissent,

132 1555 245 1616 adiecto
265 1554 411 1633 trepidam
429 1553 486 1614 sibi
504 1555 606 1634 vitam,
629 1560 783 1630 suspectas
802 1554 991 1613 inimicorum
1009 1553 1145 1635 insidias,

132 1643 212 1704 nullo
227 1645 401 1704 nominatim
415 1640 592 1722 conpellat03
610 1658 707 1720 neque
721 1648 820 1702 tamen
835 1639 1028 1701 dubitabatur
1042 1643 1076 1702 in
1090 1642 1144 1703 Ne·

132 1750 235 1793 roncm
250 1739 279 1791 et
293 1732 484 1809 Agrippinam
498 1730 621 1789 intendi.

200 1819 250 1881 71.
265 1818 302 1878 Ni
316 1819 389 1878 mihi
403 1817 582 1878 destinatum
596 1819 673 1878 soret
687 1835 773 1879 suum
788 1836 923 1897 quaeque
932 1820 963 1878 in
974 1836 1089 1880 annum
1099 1839 1142 1880 re·

133 1910 220 1988 lerre,
234 1906 337 1968 avebat
352 1907 467 1966 animus
482 1908 577 1967 antire
592 1907 751 1985 statimque
765 1924 930 1967 memorare
945 1908 1054 1987 exitus,
1070 1927 1144 1987 quos

131 1996 254 2057 Latinus
273 2002 361 2073 atque
381 1993 489 2072 Opsius
508 1997 660 2073 ceterique
683 1994 787 2073 flagitii
811 1997 875 2056 eius
899 1999 1072 2073 repertores
1095 1997 1144 2057 ba·

132 2084 237 2163 buere,
256 2101 316 2142 non
334 2077 598 2161 modo'postquam
613 2082 703 2144 Gaius
717 2082 825 2145 Caesar
844 2101 944 2143 rerum
958 2085 1076 2162 potitus
1091 2078 1144 2165 est,

105 2187 118 2227 a
133 2173 183 2233 sed
203 2171 345 2232 incolumi
359 2169 491 2251 Tiberio,
511 2174 563 2250 qui
581 2171 728 2232 scelerum
746 2174 898 2233 ministros
913 2179 947 2232 ut
960 2177 1095 2250 perverti
1109 2173 1145 2234 ab

132 2260 197 2322 aliis
224 2259 355 2340 nolebat,
378 2261 420 2320 ita
441 2258 617 2339 plerumque
641 2262 764 2322 satiatus
787 2268 817 2321 et
840 2258 946 2321 oblatis
967 2263 1000 2320 in
1019 2263 1147 2323 eandem

133 2368 252 2428 operam
271 2348 442 2410 recentibus
456 2356 572 2409 veteres
586 2355 616 2409 et
629 2367 805 2428 praegraves
824 2349 949 2421 adflixit:
968 2367 1074 2411 rerum
1092 2351 1145 2412 bas

133 2446 221 2518 atque
240 2438 311 2499 alias
330 2440 459 2498 sontium
478 2455 588 2515 poenas
606 2439 638 2497 in
656 2444 789 2516 tempore
807 2437 967 2498 trademus.
996 2446 1063 2500 tum
1077 2458 1146 2501 een-

134 2531 194 2589 suit
203 2529 322 2590 Asinius
333 2525 441 2606 Gallus,
456 2527 542 2586 cuius
555 2525 718 2587 liberorum
728 2527 890 2605 Agrippina
901 2532 1062 2588 matertera
1073 2537 1146 2608 erat,

94 2629 119 2668 10
133 2617 294 2694 petendum
305 2635 321 2676 a
334 2617 479 2696 principe,
493 2621 527 2675 ut
536 2624 633 2676 metus
644 2633 713 2676 snos
724 2616 840 2676 senatui
849 2616 993 2686 fateretur
1001 2619 1146 2677 amoveri·

133 2722 190 2783 que
205 2707 325 2765 sineret.
348 2704 458 2766 nullam
472 2703 565 2783 aeque
580 2703 726 2783 Tiberius,
741 2711 775 2765 ut
789 2702 919 2785 rebatur,
933 2722 970 2764 ex
982 2705 1147 2766 virtutibus

133 2793 196 2851 suis
211 2809 300 2870 quam
318 2793 584 2854 dissimulationem
603 2791 755 2870 diligebat:
774 2811 809 2853 eo
828 2795 946 2872 aegrius
965 2795 1082 2873 accepit
1100 2811 1147 2854 re-

133 2878 214 2939 eludi
228 2897 302 2958 quae
316 2890 475 2957 premeret.
499 2881 551 2941 sed
565 2881 711 2959 mitigavit
725 2879 858 2962 Seianus,
872 2898 932 2941 non
947 2880 1022 2941 Galli
1036 2899 1147 2965 amore,

133 2986 236 3029 reruni
251 2974 284 3027 ut
298 2971 502 3029 cunctationes
521 2970 665 3047 principis
684 2971 882 3049 aperirentur,
901 2987 1011 3048 gnarus
1031 2969 1148 3031 lentum

95 3070 120 3110 15
134 3059 165 3117 in
183 3054 365 3134 meditando,
389 3055 441 3116 ubi
458 3059 657 3137 prorupisset,
676 3057 813 3119 tristibus
832 3057 920 3118 dictis
939 3060 1049 3120 atrocia
1069 3059 1147 3120 sacta

134 3147 322 3224 coniungere.

200 3233 354 3295 Periclem
374 3240 490 3311 tempus
510 3233 583 3295 lulia
601 3242 727 3295 mortem
746 3234 832 3316 obiit,
852 3253 940 3314 quam
954 3242 1074 3315 neptem
1088 3236 1147 3296 Au-

207 3369 251 3436 li),
272 3375 287 3423 'l
311 3367 470 3422 acciderent
487 3367 649 3424 erennnusr
677 3367 837 3440 acciperent
860 3372 866 3439 Ι
892 3376 924 3426 12
947 3369 1148 3440 inprudentem

134 3439 217 3493 idem:
236 3438 404 3508 prudentem
419 3442 424 3507 Ι
442 3445 473 3493 13
494 3438 587 3493 adisse
602 3441 645 3493 see
663 3441 771 3496 Wrm·
795 3440 899 3495 nunc
913 3441 1018 3496 lordisse
1031 3442 1145 3515 volpem

135 3514 168 3563 17
189 3508 293 3563 adiecti
309 3514 313 3580 Ι
331 3511 375 3578 li,
397 3517 425 3564 lt
457 3509 542 3565 *noer*
569 3513 619 3556 *tw
655 3512 693 3550 r,
