2392 3876
266 195 314 249 AB
334 195 493 252 EXCESSU
511 194 668 251 AUGUSTI
685 195 732 251 Xl.
752 202 863 251 11--16,
999 196 1064 260 205

53 343 191 405 intulisse
205 343 345 404 Graeciae
359 342 541 422 gloriamque
556 344 690 424 adeptos,
709 352 859 423 tamquam
877 345 1065 423 reppererint
1078 359 1090 399 5

54 450 131 510 quae
155 437 337 511 acceperant.
375 433 484 511 quippe
509 433 584 493 lama
603 440 649 492 est
667 432 809 494 Cadmum
828 432 921 495 classe
940 432 1064 492 Phoeni·

55 538 124 580 cum
138 527 254 581 vectum
267 520 392 581 rudibus
407 520 503 581 adhuc
517 519 697 582 Graecorum
711 520 829 599 populis
843 523 915 581 artis
934 522 1000 581 eius
1014 538 1063 581 au·

56 616 168 669 ctorem
192 608 292 669 luisse.
334 609 454 688 quidam
472 608 633 688 Cecropem
656 609 866 670 Atheniensem
888 609 935 670 vel
957 609 1064 669 Linum

56 695 229 758 Thebanum
247 704 278 757 et
296 697 480 776 temporibus
498 696 634 758 Troianis
647 696 832 758 Palamedem
846 698 987 776 Argivum
1004 715 1064 758 me-

55 795 171 846 morant
185 785 314 847 sedecim
328 784 495 846 litterarum
508 786 631 867 formas,
649 805 717 847 mox
732 785 804 847 alios
819 804 852 848 ac
870 789 1064 865 praecipuum
1080 802 1105 842 10

55 874 229 935 Simoniden
248 881 362 934 ceteras
382 876 559 952 repperisse.
593 882 624 935 at
637 877 668 934 in
682 874 764 936 ltalia
778 874 899 935 Etrusci
912 874 949 935 ab
963 874 1064 936 Corin-

56 961 118 1023 thio
139 963 307 1042 Demarato,
332 960 513 1040 Aborigenes
534 962 647 1023 Arcade
669 961 705 1023 ab
726 961 862 1024 Evandro
884 962 1066 1044 didicerunt3

55 1050 194 1111 etiorma
208 1050 316 1110 litteris
329 1049 443 1110 Latinis
457 1068 533 1128 quae
549 1053 715 1113 veterrimis
729 1051 918 1113 Graecorum.
947 1052 999 1113 sed
1015 1070 1065 1112 no·

56 1139 102 1199 bis
117 1158 235 1218 quoque
249 1155 360 1216 paucae
373 1140 503 1219 primum
517 1139 614 1218 luere,
632 1139 738 1202 deiude
758 1140 838 1201 addit
825 1148 872 1201 tae
892 1149 969 1201 sunt
1007 1156 1065 1220 quo

55 1227 190 1307 exemplo
205 1226 344 1288 Claudius
358 1234 421 1288 tres
434 1226 547 1288 litteras
562 1227 681 1308 adiecit,
699 1246 774 1307 quac
782 1208 858 1290 usui
875 1231 1064 1306 imperitante
1081 1244 1106 1284 15

56 1334 100 1396 eo,
115 1323 182 1395 post
193 1315 376 1377 oblitteratae
377 1317 585 1396 ,aspiciuntur
595 1317 683 1376 etiam
696 1334 776 1377 nunc
790 1319 822 1378 in
836 1335 903 1377 aere
914 1313 937 1396 †
947 1317 1065 1395 publico

57 1404 103 1466 dis
117 1404 281 1482 plebiscitis
294 1422 349 1482 per
363 1404 428 1464 lora
442 1422 476 1465 ac
490 1403 598 1482 templa
612 1404 678 1464 lixo.

127 1489 175 1554 15.
199 1492 324 1553 Rettulit
347 1492 453 1553 deinde
472 1492 508 1552 ad
528 1499 662 1552 senatum
682 1509 772 1571 super
791 1491 913 1570 collegio
932 1493 1066 1570 haruspi-

57 1599 138 1662 cum,
163 1599 200 1640 ne
223 1582 422 1640 vetustissima
440 1578 540 1641 ltaliae
563 1578 717 1658 disciplina
736 1597 790 1658 per
809 1580 951 1640 desidiam
970 1580 1066 1640 excle-

58 1676 167 1728 sceret:
186 1686 273 1747 saepe
292 1668 424 1728 adversis
441 1670 486 1729 rei
504 1667 639 1747 publicae
653 1669 838 1747 temporibus
852 1671 976 1749 accitos,
995 1688 1066 1748 quo—

59 1775 125 1816 rum
134 1758 248 1816 monitu
263 1756 476 1836 redintegratas
491 1759 684 1818 caerimonias
698 1765 728 1817 et
741 1759 772 1818 in
786 1764 940 1836 posterum
954 1759 1066 1818 rectius

58 1843 186 1925 habitas3
208 1847 414 1924 primoresque
432 1843 569 1907 Etruriae
593 1852 698 1925 sponte
717 1853 767 1906 aut
786 1853 903 1923 patrum
922 1846 1093 1906 Romano-5

58 1950 125 1993 rum
142 1933 263 2012 inpulsu
282 1935 441 1994 retinuisse
460 1935 613 1995 scientiam
632 1941 662 1995 et
680 1936 711 1994 in
730 1933 853 1996 familias
874 1952 1067 2013 propagasse:

59 2022 136 2101 quod
156 2040 235 2083 nurnc
255 2024 375 2100 segnius
393 2023 459 2083 lieri
477 2022 594 2102 publica
614 2025 693 2083 circa
712 2022 804 2083 bonas
823 2031 902 2084 artes
924 2023 1067 2102 socordia,

59 2119 88 2171 et
111 2113 179 2189 quia
198 2118 337 2171 externae
360 2113 587 2190 superstitiones
610 2111 767 2172 calescant.
796 2119 827 2172 et
849 2111 923 2172 laeta
948 2112 1067 2191 quidem

58 2201 89 2258 in
103 2217 244 2278 praesens
258 2201 364 2279 omnia,
379 2200 431 2260 sed
445 2200 620 2278 benignitati
633 2199 722 2261 deum
736 2202 859 2278 gratiam
873 2200 1067 2281 referendam,

58 2305 95 2347 ne
115 2289 190 2348 ritus
209 2306 361 2348 sacrorum
379 2290 458 2349 inter
476 2289 612 2367 ambigua
631 2288 703 2349 culti
722 2307 776 2366 per
793 2307 937 2368 prospera
951 2288 1067 2350 oblitte-
1082 2306 1107 2345 10

58 2383 205 2437 rarenter.
242 2376 351 2437 iactum
370 2395 406 2436 er
425 2395 460 2437 eo
480 2384 600 2437 senatus
619 2375 800 2456 consultum,
819 2377 954 2437 viderent
972 2379 1067 2456 ponti-

58 2465 129 2525 fices
144 2483 220 2544 quae
233 2464 389 2525 retinenda
401 2463 602 2542 firmandaque
616 2463 815 2543 haruspicum.
968 2544 970 2547 Υ

127 2552 176 2614 16.
200 2551 312 2614 Eodem
335 2571 410 2613 anno
430 2551 649 2614 Cheruscorum
672 2570 744 2631 gens
762 2570 863 2631 regem
882 2552 974 2612 Roma
993 2555 1068 2630 peti-

58 2643 113 2721 vit,
132 2642 248 2702 arnissis
266 2660 320 2720 per
334 2643 450 2701 interna
464 2640 540 2700 bella
553 2640 702 2701 nobilibus
718 2648 748 2700 et
762 2659 821 2701 uno
835 2640 951 2719 reliquo
966 2643 1068 2720 stirpis

58 2731 165 2810 regiae,
180 2732 232 2808 qui
245 2729 322 2809 apud
337 2728 443 2790 urbem
456 2728 620 2790 habebatur
634 2730 751 2788 nomine
761 2728 889 2790 Italicus.
911 2736 1069 2808 paternum

57 2818 128 2879 huic
142 2836 237 2896 genus
251 2836 267 2878 e
282 2817 369 2879 Flavo
384 2818 475 2878 iratre
490 2817 627 2897 Arminii,
646 2823 741 2877 mater
759 2830 794 2878 ex
810 2818 969 2879 Actumero
988 2821 1068 2898 prin·

59 2909 124 2985 cipe
139 2906 311 2967 Chattorum
331 2915 406 2987 erat3
425 2909 490 2985 ipse
509 2907 602 2966 forma
621 2906 748 2966 decorus
766 2912 796 2967 et
814 2908 904 2968 armis
923 2910 1094 2986 equisquee

130 3112 176 3180 14,
190 3118 205 3167 i
225 3112 373 3166 advectum
386 3112 496 3178 11111111
514 3109 734 3181 12ab0riginib3
754 3113 879 3181 arcadas,
897 3128 945 3168 em.
962 3112 1067 3167 Pateol.

62 3184 65 3254 l
88 3189 120 3238 13
139 3182 243 3237 formas
262 3183 379 3264 (formae
396 3183 559 3250 Beroaldus,
578 3201 616 3237 an
634 3183 753 3236 formosi
765 3183 791 3253 ἓ)
808 3186 813 3252 l
831 3188 862 3237 15
882 3181 912 3235 in
930 3198 983 3236 usu
996 3183 1068 3263 nep

56 3255 255 3326 percepitur
274 3253 452 3334 publicandis
474 3251 589 3321 plebi''
570 3271 605 3306 ns
626 3255 757 3335 Madvig,
781 3251 961 3322 publicandis
980 3251 1052 3306 de
1033 3270 1068 3306 ns

60 3327 173 3378 senatus
184 3323 320 3380 consultis
329 3341 387 3392 1111,
401 3323 578 3394 publicandis
591 3323 669 3393 plebi
680 3327 792 3378 senatus
803 3322 939 3378 consultis
953 3323 1068 3391 Urlichs,

60 3394 104 3449 dis
122 3394 280 3466 plebiscitis
299 3367 396 3452 deiecit
411 3396 568 3465 Nipperdey
583 3397 588 3464 l
605 3395 649 3462 15,
664 3394 801 3450 aeneidos
821 3394 949 3449 Ursinus:
970 3393 1068 3448 accitis

61 3466 278 3538 llb,1Rcme
295 3466 457 3522 Rhenanus.
476 3481 571 3519 romae
590 3466 625 3533 11.
642 3436 691 3532 ’12‚
705 3463 906 3534 1413italus,
925 3466 1069 3536 11111911-

58 3539 172 3607 111114
192 3536 340 3591 Catumero
359 3539 451 3608 culpo,
476 3543 547 3592 etv.
568 3508 737 3603 Meilleulioff
751 3536 784 3591 Z.
802 3536 823 3603 1.
841 3537 868 3592 d
888 3537 944 3591 Ate
965 3541 991 3606 9,
1009 3540 1069 3594 223
