2392 3876
269 166 318 219 AB
335 164 497 220 Excusso
515 164 671 220 AUGUSTI
688 165 747 221 XV.
768 171 881 220 oo-oa.
936 188 940 195 ·
1017 165 1087 229 343

74 323 209 393 pertaesa
227 323 257 375 et
279 317 310 374 in
329 313 485 392 Campania
509 331 599 392 agens
622 316 768 391 primores
792 314 1011 374 classiariorum
1032 312 1110 373 lli-⁵

75 405 245 463 senensium
263 401 425 463 labefacere
449 410 479 462 et
502 404 682 462 conscientia
695 392 829 479 'inligare
848 403 949 462 conisa
968 408 1014 462 est
1031 400 1083 462 tali

75 493 168 552 initio.
200 498 264 551 erat
282 490 446 551 navarchus
467 492 498 550 in
518 508 551 550 ea
571 490 664 550 classe
679 488 816 550 Volusius
830 488 988 570 Proculus,
1007 491 1083 550 occi·

74 579 187 640 dendae
205 581 308 639 matris
325 578 436 640 Neroni
454 580 532 639 inter
551 580 715 657 ministros,
739 595 799 638 uon
822 596 858 639 ex
881 578 1083 656 magnitudine

75 668 196 728 sceleris
210 675 381 746 provectus,
396 674 430 727 ut
444 665 573 727 rebatur.
601 669 627 727 is
641 666 760 727 mulieri
773 665 844 727 olim
858 668 1007 746 cognitus,
1030 682 1085 726 seu

73 773 179 818 recens
193 764 257 817 orta
271 758 413 834 amicitia,
434 754 504 815 dum
518 757 624 815 merita
638 773 708 833 erga
721 749 870 816 Neronem
883 772 936 816 sua
951 762 981 814 et
995 772 1083 833 quam
1098 770 1124 810 1o

73 847 104 905 in
122 847 246 905 inritum
264 843 442 904 cecidissent
460 845 555 920 aperit
568 844 717 924 adicitque
732 851 855 921 questus
870 852 899 904 et
914 842 1082 904 destinatio-

73 951 142 992 nem
156 928 315 1009 vindictae,
335 933 361 991 si
376 930 497 991 facultas
516 939 665 1012 oreretur,
688 949 769 1010 spem
785 931 867 992 dedit
880 949 967 1010 posse
981 930 1084 1009 inpelli

74 1027 105 1080 et
126 1020 228 1099 plures
251 1019 423 1080 conciliare:
447 1037 502 1079 nec
525 1019 589 1080 leve
611 1019 753 1080 auxilium
776 1022 807 1079 in
831 1019 937 1101 classe,
962 1020 1083 1080 crebras

75 1110 254 1186 occasiones,
275 1109 343 1185 quia
358 1106 435 1168 Nero
454 1106 547 1168 multo
566 1107 643 1184 apud
658 1107 796 1168 Puteolos
816 1116 846 1169 et
863 1108 1009 1169 Misenum
1023 1126 1083 1169 ma-

73 1199 116 1258 ris
134 1214 192 1256 usu
208 1195 381 1256 laetabatur.
418 1214 488 1274 ergo
507 1194 662 1273 Epicharis
684 1194 783 1276 plura3
806 1204 837 1257 et
854 1199 951 1257 omnia
970 1197 1082 1257 scelera
1098 1211 1124 1252 15

73 1287 217 1364 principis
227 1284 351 1363 orditur,
358 1301 454 1363 neque
466 1285 581 1344 senatui
589 1301 685 1359 neque
690 1288 802 1360 populo
814 1285 975 1365 quidquam
986 1303 1082 1346 mane-

74 1392 115 1433 re.
145 1373 196 1433 sed
211 1374 371 1453 provisum,
388 1389 516 1450 quonam
528 1371 616 1432 modo
631 1389 741 1451 poenas
755 1390 875 1433 eversae
889 1375 934 1434 rei
947 1373 1083 1453 publicae

73 1462 170 1522 daret:
185 1463 390 1538 accingeretur
403 1460 491 1520 modo
501 1477 607 1520 navare
618 1478 737 1538 operam
747 1468 777 1521 et
785 1460 912 1521 militum
923 1463 1083 1521 acerrimos

74 1550 184 1611 ducere
198 1551 229 1608 in
243 1556 351 1628 partes,
366 1566 399 1609 ac
414 1547 502 1627 digna
515 1550 610 1625 pretia
625 1556 823 1628 exspectaret3
846 1551 964 1610 nomina
983 1557 1083 1610 tamen

74 1639 297 1698 coniuratorum
315 1638 443 1698 reticuit.
475 1637 554 1697 unde
573 1636 691 1697 Proculi
711 1636 854 1698 indicium
872 1633 996 1699 inritum
1018 1638 1083 1718 luit,
1097 1655 1123 1694 ao

75 1728 207 1805 quamvis
218 1743 260 1804 ea,
267 1743 341 1803 quae
351 1724 494 1805 audierat,
502 1725 537 1785 ad
544 1724 691 1785 Neronem
697 1725 859 1787 detulisset.
874 1728 967 1787 accita
973 1728 1083 1806 quiippe

74 1813 228 1892 Epicharis
239 1822 268 1873 et
278 1832 345 1874 cum
356 1813 715 1890 indicecompositanullis
724 1813 851 1875 testibus
860 1814 1082 1875 innisumlacile

74 1901 243 1963 confutavit.
272 1902 324 1962 sed
339 1904 403 1980 ipsa
416 1904 447 1961 in
462 1902 595 1962 custodia
610 1909 724 1963 retenta
743 1910 802 1983 est,
823 1910 1012 1982 suspectante
1026 1902 1083 1962 Ne·

74 2008 146 2051 rone
160 1990 238 2050 haud
254 1989 326 2050 lalsa
341 2008 406 2050 esse
422 1992 510 2050 etiam
525 2008 600 2068 quae
614 1983 683 2050 v'era
697 2007 756 2050 uon
770 1990 980 2068 probabantur.

139 2076 191 2140 52.
206 2078 375 2140 Coniuratis
385 2086 483 2139 umen
498 2086 579 2139 metu
593 2078 769 2158 proditionis
783 2081 927 2158 permotis
941 2078 1083 2158 placitum

73 2175 221 2238 maturare
244 2167 365 2228 caedem
383 2167 460 2247 apud
479 2166 563 2227 Baias
581 2168 612 2226 in
631 2166 698 2227 villa
712 2166 840 2248 Pisonis,
854 2170 941 2229 cuius
955 2171 1083 2230 amoeni·

73 2264 133 2315 tate
156 2263 260 2332 eaptus
283 2255 390 2316 Caesar
413 2255 518 2316 crebro
542 2254 703 2316 ventitabat
726 2255 904 2337 balneasque
928 2264 958 2318 et
980 2257 1083 2338 epulas

74 2342 167 2402 inibat
189 2344 306 2402 omissis
329 2342 463 2404 excubiis
486 2351 516 2403 et
539 2343 674 2403 fortunae
698 2361 768 2404 suae
787 2345 871 2407 mole.
908 2345 960 2406 sed
980 2346 1084 2408 abnuit

73 2430 156 2508 Piso,
169 2429 309 2490 invidiam
324 2430 529 2510 praetendens,
548 2433 575 2491 si
588 2448 671 2492 sacra
685 2449 804 2492 mensae
818 2433 907 2512 dique
921 2432 1082 2511 hospitales
1096 2450 1109 2490 n

73 2518 163 2579 caede
186 2516 410 2596 qualiscumque
433 2519 576 2596 principis
599 2527 841 2580 cruentarentur:
867 2519 974 2580 melius
1004 2521 1082 2599 apud

73 2605 180 2667 urbem
199 2608 230 2665 in
248 2604 297 2665 illa
311 2607 405 2666 invisa
419 2614 450 2665 et
464 2605 566 2684 spoliis
584 2607 692 2666 ciclum
711 2613 860 2668 exstructa
879 2608 966 2668 domo
987 2608 1033 2670 vel
1050 2611 1081 2670 in

73 2693 192 2773 publico
211 2701 382 2772 patraturos
399 2694 478 2772 quod
501 2711 555 2772 pro
574 2711 607 2754 re
626 2693 743 2772 publica
763 2697 973 2774 suscepissent
1009 2697 1082 2758 haec

72 2785 104 2842 in
124 2800 293 2859 commune,
311 2789 444 2843 ceterum
463 2783 569 2842 timore
588 2781 718 2863 occulto,
736 2800 773 2843 ne
791 2782 823 2843 L.
839 2783 956 2845 Silanus
974 2786 1082 2846 eximia

72 2869 225 2931 nobilitate
244 2869 458 2949 disciplinaque
472 2869 503 2930 C.
518 2869 624 2951 Cassii,
645 2870 723 2949 apud
742 2889 829 2951 quem
848 2872 991 2934 educatus
1009 2882 1082 2956 erat,
1096 2891 1123 2930 ro

72 2958 108 3018 ad
119 2975 237 3018 omnem
247 2955 454 3020 claritudinem
463 2957 598 3020 sublatus
608 2960 765 3037 imperium
774 2960 936 3042 invaderet,
945 2971 1082 3041 prompte

72 3045 195 3126 daturis,
209 3048 261 3125 qui
275 3064 291 3106 a
303 3048 505 3108 coniuratione
519 3048 628 3126 integri
638 3050 857 3129 essentquique
868 3050 1082 3112 miserarentur

71 3133 219 3194 Neronem
234 3142 382 3213 tamquam
400 3151 455 3214 per
473 3134 571 3196 scelus
589 3136 788 3197 interiectum.
820 3136 955 3218 plerique
969 3137 1082 3201 Vestini

65 3315 79 3340 ,·
142 3287 189 3354 51,
200 3293 215 3342 'l
225 3288 431 3343 erentuarchus
448 3292 452 3357 Ι
468 3286 600 3342 8Neroni
607 3288 876 3344 Heinaiuaaneronis
893 3293 897 3353 Ι
915 3296 947 3346 16
958 3291 1081 3374 senatui]
1109 3273 1113 3279 ¹

72 3357 163 3411 sancti
182 3358 300 3413 Pirenaeo
315 3361 320 3427 Ι
335 3374 425 3426 neque
442 3357 548 3427 populo
566 3359 630 3416 cdd.
650 3359 768 3431 Modniq
784 3366 848 3416 onte
864 3375 955 3429 neque
971 3364 1082 3416 senatur

74 3425 242 3506 lqnidqnam
256 3431 339 3484 idem:
358 3428 427 3498 quid
442 3433 447 3498 1
465 3436 497 3484 18
516 3427 655 3498 multumt
673 3435 705 3484 19
724 3429 1006 3504 duceretal.152‚2
1026 3450 1081 3502 qno

72 3511 132 3550 erus
152 3499 275 3555 Piclzeua
290 3505 294 3567 t
311 3506 327 3554 3
346 3500 443 3555 crebro
463 3515 496 3554 eo
514 3499 638 3570 Lipsius,
658 3499 754 3555 creber
771 3516 804 3555 eo
822 3502 957 3558 Huncine
