<?xml version="1.0" encoding="UTF-8"?>
<!DOCTYPE html PUBLIC "-//W3C//DTD XHTML 1.0 Transitional//EN"
    "http://www.w3.org/TR/xhtml1/DTD/xhtml1-transitional.dtd">
<html xmlns="http://www.w3.org/1999/xhtml" xml:lang="en" lang="en">
 <head>
  <title>
</title>
<meta http-equiv="Content-Type" content="text/html;charset=utf-8" />
  <meta name='ocr-system' content='tesseract 3.04.00' />
  <meta name='ocr-capabilities' content='ocr_page ocr_carea ocr_par ocr_line ocrx_word'/>
</head>
<body>
  <div class='ocr_page' id='page_1' title='image "./libriquisupersu00halmgoog_0077.png"; bbox 0 0 2392 3876; ppageno 0'>
   <div class='ocr_carea' id='block_1_1' title="bbox 31 156 774 242">
    <p class='ocr_par' dir='ltr' id='par_1_1' title="bbox 31 156 774 242">
     <span class='ocr_line' id='line_1_1' title="bbox 31 156 774 242; baseline -0.004 -28"><span class='ocrx_word' id='word_1_1' title='bbox 31 233 35 242; x_wconf 18' lang='grc' dir='ltr'>ἱ</span> <span class='ocrx_word' id='word_1_2' title='bbox 117 159 160 224; x_wconf 78' lang='lat' dir='ltr'><strong>ee</strong></span> <span class='ocrx_word' id='word_1_3' title='bbox 469 157 638 213; x_wconf 81' lang='lat' dir='ltr'><strong>connum</strong></span> <span class='ocrx_word' id='word_1_4' title='bbox 655 156 774 212; x_wconf 76' lang='lat' dir='ltr'><strong>noorai</strong></span> 
     </span>
    </p>
   </div>
   <div class='ocr_carea' id='block_1_2' title="bbox 8 307 1131 2954">
    <p class='ocr_par' dir='ltr' id='par_1_2' title="bbox 117 307 1131 476">
     <span class='ocr_line' id='line_1_2' title="bbox 117 307 1130 389; baseline 0.002 -21"><span class='ocrx_word' id='word_1_5' title='bbox 117 310 241 369; x_wconf 89' lang='lat' dir='ltr'><strong>stinctos</strong></span> <span class='ocrx_word' id='word_1_6' title='bbox 256 310 405 370; x_wconf 81' lang='lat' dir='ltr'><strong>exercitus</strong></span> <span class='ocrx_word' id='word_1_7' title='bbox 418 309 555 388; x_wconf 91' lang='lat' dir='ltr'><strong>propriae</strong></span> <span class='ocrx_word' id='word_1_8' title='bbox 575 325 693 388; x_wconf 84' lang='lat' dir='ltr'><strong>quoque</strong></span> <span class='ocrx_word' id='word_1_9' title='bbox 712 325 818 368; x_wconf 89' lang='lat' dir='ltr'><strong>causae</strong></span> <span class='ocrx_word' id='word_1_10' title='bbox 838 307 1039 389; x_wconf 83' lang='lat' dir='ltr'><strong>stimulabant,</strong></span> <span class='ocrx_word' id='word_1_11' title='bbox 1059 328 1130 370; x_wconf 89' lang='lat' dir='ltr'><strong>cum</strong></span> 
     </span>
     <span class='ocr_line' id='line_1_3' title="bbox 117 396 1131 476; baseline 0.002 -19"><span class='ocrx_word' id='word_1_12' title='bbox 117 396 306 458; x_wconf 85' lang='lat' dir='ltr'><strong>aCheruscis</strong></span> <span class='ocrx_word' id='word_1_13' title='bbox 320 396 582 476; x_wconf 82' lang='lat' dir='ltr'>Langobardisque</span> <span class='ocrx_word' id='word_1_14' title='bbox 600 413 655 476; x_wconf 91' lang='lat' dir='ltr'><strong>pro</strong></span> <span class='ocrx_word' id='word_1_15' title='bbox 675 397 796 475; x_wconf 90' lang='lat' dir='ltr'><strong>antiquo</strong></span> <span class='ocrx_word' id='word_1_16' title='bbox 817 396 924 457; x_wconf 90' lang='lat' dir='ltr'><strong>decore</strong></span> <span class='ocrx_word' id='word_1_17' title='bbox 944 405 995 457; x_wconf 89' lang='lat' dir='ltr'><strong>aut</strong></span> <span class='ocrx_word' id='word_1_18' title='bbox 1013 400 1131 459; x_wconf 80' lang='lat' dir='ltr'>recenti</span> 
     </span>
    </p>

    <p class='ocr_par' dir='ltr' id='par_1_3' title="bbox 77 484 1129 741">
     <span class='ocr_line' id='line_1_4' title="bbox 77 484 1129 563; baseline 0.002 -18"><span class='ocrx_word' id='word_1_19' title='bbox 77 497 103 538; x_wconf 82' lang='lat'><strong>1⁵</strong></span> <span class='ocrx_word' id='word_1_20' title='bbox 116 484 253 546; x_wconf 86' lang='lat' dir='ltr'><strong>libertate</strong></span> <span class='ocrx_word' id='word_1_21' title='bbox 277 492 307 546; x_wconf 90' lang='lat' dir='ltr'><strong>et</strong></span> <span class='ocrx_word' id='word_1_22' title='bbox 329 492 432 547; x_wconf 88' lang='lat' dir='ltr'><strong>contra</strong></span> <span class='ocrx_word' id='word_1_23' title='bbox 455 484 605 563; x_wconf 86' lang='lat' dir='ltr'><strong>augendae</strong></span> <span class='ocrx_word' id='word_1_24' title='bbox 629 484 822 545; x_wconf 84' lang='lat' dir='ltr'><strong>dominationi</strong></span> <span class='ocrx_word' id='word_1_25' title='bbox 848 492 1021 547; x_wconf 88' lang='lat' dir='ltr'><strong>certaretur.</strong></span> <span class='ocrx_word' id='word_1_26' title='bbox 1067 505 1129 547; x_wconf 94' lang='lat' dir='ltr'><strong>non</strong></span> 
     </span>
     <span class='ocr_line' id='line_1_5' title="bbox 117 573 1129 654; baseline 0.001 -20"><span class='ocrx_word' id='word_1_27' title='bbox 117 573 188 636; x_wconf 93' lang='lat' dir='ltr'><strong>alias</strong></span> <span class='ocrx_word' id='word_1_28' title='bbox 206 576 317 635; x_wconf 90' lang='lat' dir='ltr'><strong>maiore</strong></span> <span class='ocrx_word' id='word_1_29' title='bbox 335 574 412 634; x_wconf 90' lang='lat' dir='ltr'><strong>mole</strong></span> <span class='ocrx_word' id='word_1_30' title='bbox 431 573 609 634; x_wconf 88' lang='lat' dir='ltr'><strong>concursum</strong></span> <span class='ocrx_word' id='word_1_31' title='bbox 629 591 725 652; x_wconf 88' lang='lat' dir='ltr'><strong>neque</strong></span> <span class='ocrx_word' id='word_1_32' title='bbox 744 573 880 651; x_wconf 85' lang='lat' dir='ltr'><strong>ambiguo</strong></span> <span class='ocrx_word' id='word_1_33' title='bbox 899 576 992 653; x_wconf 84' lang='lat' dir='ltr'><strong>magis</strong></span> <span class='ocrx_word' id='word_1_34' title='bbox 1011 581 1129 654; x_wconf 88' lang='lat' dir='ltr'><strong>eventu,</strong></span> 
     </span>
     <span class='ocr_line' id='line_1_6' title="bbox 118 660 1129 741; baseline 0.001 -19"><span class='ocrx_word' id='word_1_35' title='bbox 118 663 192 724; x_wconf 89' lang='lat' dir='ltr'><strong>lusis</strong></span> <span class='ocrx_word' id='word_1_36' title='bbox 211 665 361 741; x_wconf 84' lang='lat' dir='ltr'><strong>utrimque</strong></span> <span class='ocrx_word' id='word_1_37' title='bbox 380 662 492 723; x_wconf 84' lang='lat' dir='ltr'><strong>dextris</strong></span> <span class='ocrx_word' id='word_1_38' title='bbox 511 660 667 741; x_wconf 80' lang='lat' dir='ltr'><strong>cornibus3</strong></span> <span class='ocrx_word' id='word_1_39' title='bbox 686 661 920 741; x_wconf 83' lang='lat' dir='ltr'><strong>sperabaturque</strong></span> <span class='ocrx_word' id='word_1_40' title='bbox 939 681 1060 723; x_wconf 91' lang='lat' dir='ltr'><strong>rursum</strong></span> <span class='ocrx_word' id='word_1_41' title='bbox 1074 681 1129 741; x_wconf 93' lang='lat' dir='ltr'><strong>pu-</strong></span> 
     </span>
    </p>

    <p class='ocr_par' dir='ltr' id='par_1_4' title="bbox 8 740 1129 919">
     <span class='ocr_line' id='line_1_7' title="bbox 8 740 1129 830; baseline 0 -19"><span class='ocrx_word' id='word_1_42' title='bbox 8 740 14 751; x_wconf 82' lang='grc'><strong>’</strong></span> <span class='ocrx_word' id='word_1_43' title='bbox 118 770 188 830; x_wconf 83' lang='lat' dir='ltr'><strong>gna,</strong></span> <span class='ocrx_word' id='word_1_44' title='bbox 208 753 239 810; x_wconf 92' lang='lat' dir='ltr'><strong>ni</strong></span> <span class='ocrx_word' id='word_1_45' title='bbox 253 749 451 811; x_wconf 87' lang='lat' dir='ltr'><strong>Maroboduus</strong></span> <span class='ocrx_word' id='word_1_46' title='bbox 466 757 563 810; x_wconf 89' lang='lat' dir='ltr'><strong>castra</strong></span> <span class='ocrx_word' id='word_1_47' title='bbox 576 752 608 810; x_wconf 92' lang='lat' dir='ltr'><strong>in</strong></span> <span class='ocrx_word' id='word_1_48' title='bbox 621 749 711 810; x_wconf 92' lang='lat' dir='ltr'><strong>colles</strong></span> <span class='ocrx_word' id='word_1_49' title='bbox 730 750 929 810; x_wconf 85' lang='lat' dir='ltr'><strong>subduxisset.</strong></span> <span class='ocrx_word' id='word_1_50' title='bbox 961 751 991 811; x_wconf 94' lang='lat' dir='ltr'><strong>id</strong></span> <span class='ocrx_word' id='word_1_51' title='bbox 1010 753 1129 829; x_wconf 85' lang='lat' dir='ltr'><strong>signum</strong></span> 
     </span>
     <span class='ocr_line' id='line_1_8' title="bbox 117 838 1129 919; baseline 0 -20"><span class='ocrx_word' id='word_1_52' title='bbox 117 838 248 918; x_wconf 90' lang='lat' dir='ltr'><strong>perculsi</strong></span> <span class='ocrx_word' id='word_1_53' title='bbox 271 839 339 919; x_wconf 79' lang='lat' dir='ltr'><strong>luit3</strong></span> <span class='ocrx_word' id='word_1_54' title='bbox 363 846 393 898; x_wconf 92' lang='lat' dir='ltr'><strong>et</strong></span> <span class='ocrx_word' id='word_1_55' title='bbox 416 838 589 916; x_wconf 66' lang='lat' dir='ltr'><strong>transfugiis</strong></span> <span class='ocrx_word' id='word_1_56' title='bbox 611 838 753 917; x_wconf 91' lang='lat' dir='ltr'><strong>paulatim</strong></span> <span class='ocrx_word' id='word_1_57' title='bbox 771 839 900 899; x_wconf 90' lang='lat' dir='ltr'><strong>nudatus</strong></span> <span class='ocrx_word' id='word_1_58' title='bbox 918 841 950 899; x_wconf 91' lang='lat' dir='ltr'><strong>in</strong></span> <span class='ocrx_word' id='word_1_59' title='bbox 968 838 1129 899; x_wconf 90' lang='lat' dir='ltr'><strong>Marcoma-</strong></span> 
     </span>
    </p>

    <p class='ocr_par' dir='ltr' id='par_1_5' title="bbox 78 925 1130 1341">
     <span class='ocr_line' id='line_1_9' title="bbox 78 925 1129 1005; baseline 0.003 -19"><span class='ocrx_word' id='word_1_60' title='bbox 78 939 104 979; x_wconf 72' lang='lat'><strong>20</strong></span> <span class='ocrx_word' id='word_1_61' title='bbox 118 945 172 987; x_wconf 92' lang='lat' dir='ltr'><strong>nos</strong></span> <span class='ocrx_word' id='word_1_62' title='bbox 191 928 340 987; x_wconf 83' lang='lat' dir='ltr'><strong>concessit</strong></span> <span class='ocrx_word' id='word_1_63' title='bbox 357 928 497 1005; x_wconf 89' lang='lat' dir='ltr'><strong>misitque</strong></span> <span class='ocrx_word' id='word_1_64' title='bbox 516 926 628 1005; x_wconf 84' lang='lat' dir='ltr'><strong>legatos</strong></span> <span class='ocrx_word' id='word_1_65' title='bbox 642 926 678 987; x_wconf 95' lang='lat' dir='ltr'><strong>ad</strong></span> <span class='ocrx_word' id='word_1_66' title='bbox 693 925 846 987; x_wconf 88' lang='lat' dir='ltr'><strong>Tiberium</strong></span> <span class='ocrx_word' id='word_1_67' title='bbox 860 935 996 987; x_wconf 88' lang='lat' dir='ltr'><strong>oraturos</strong></span> <span class='ocrx_word' id='word_1_68' title='bbox 1011 927 1129 989; x_wconf 83' lang='lat' dir='ltr'><strong>auxilia.</strong></span> 
     </span>
     <span class='ocr_line' id='line_1_10' title="bbox 117 1015 1129 1093; baseline 0 -18"><span class='ocrx_word' id='word_1_69' title='bbox 117 1032 294 1093; x_wconf 87' lang='lat' dir='ltr'><strong>responsum</strong></span> <span class='ocrx_word' id='word_1_70' title='bbox 313 1022 358 1075; x_wconf 90' lang='lat' dir='ltr'><strong>est</strong></span> <span class='ocrx_word' id='word_1_71' title='bbox 377 1033 436 1075; x_wconf 93' lang='lat' dir='ltr'><strong>non</strong></span> <span class='ocrx_word' id='word_1_72' title='bbox 454 1017 519 1074; x_wconf 94' lang='lat' dir='ltr'><strong>iure</strong></span> <span class='ocrx_word' id='word_1_73' title='bbox 539 1033 607 1075; x_wconf 90' lang='lat' dir='ltr'><strong>eum</strong></span> <span class='ocrx_word' id='word_1_74' title='bbox 626 1015 768 1076; x_wconf 89' lang='lat' dir='ltr'><strong>adversus</strong></span> <span class='ocrx_word' id='word_1_75' title='bbox 787 1015 954 1075; x_wconf 84' lang='lat' dir='ltr'><strong>Cheruscos</strong></span> <span class='ocrx_word' id='word_1_76' title='bbox 973 1034 1053 1076; x_wconf 88' lang='lat' dir='ltr'><strong>arma</strong></span> <span class='ocrx_word' id='word_1_77' title='bbox 1071 1015 1129 1076; x_wconf 92' lang='lat' dir='ltr'><strong>Ro·</strong></span> 
     </span>
     <span class='ocr_line' id='line_1_11' title="bbox 117 1102 1130 1184; baseline 0.002 -21"><span class='ocrx_word' id='word_1_78' title='bbox 117 1121 202 1163; x_wconf 88' lang='lat' dir='ltr'><strong>mana</strong></span> <span class='ocrx_word' id='word_1_79' title='bbox 224 1105 375 1182; x_wconf 87' lang='lat' dir='ltr'><strong>invocare,</strong></span> <span class='ocrx_word' id='word_1_80' title='bbox 400 1105 451 1184; x_wconf 93' lang='lat' dir='ltr'><strong>qui</strong></span> <span class='ocrx_word' id='word_1_81' title='bbox 473 1105 633 1183; x_wconf 85' lang='lat' dir='ltr'><strong>pugnantis</strong></span> <span class='ocrx_word' id='word_1_82' title='bbox 651 1105 682 1163; x_wconf 94' lang='lat' dir='ltr'><strong>in</strong></span> <span class='ocrx_word' id='word_1_83' title='bbox 701 1102 827 1163; x_wconf 89' lang='lat' dir='ltr'><strong>eundem</strong></span> <span class='ocrx_word' id='word_1_84' title='bbox 846 1103 963 1164; x_wconf 92' lang='lat' dir='ltr'><strong>hostem</strong></span> <span class='ocrx_word' id='word_1_85' title='bbox 980 1103 1130 1165; x_wconf 88' lang='lat' dir='ltr'><strong>Romanos</strong></span> 
     </span>
     <span class='ocr_line' id='line_1_12' title="bbox 117 1189 1129 1272; baseline 0 -20"><span class='ocrx_word' id='word_1_86' title='bbox 117 1191 197 1252; x_wconf 91' lang='lat' dir='ltr'><strong>nulla</strong></span> <span class='ocrx_word' id='word_1_87' title='bbox 211 1209 267 1270; x_wconf 84' lang='lat' dir='ltr'><strong>ope</strong></span> <span class='ocrx_word' id='word_1_88' title='bbox 280 1193 413 1252; x_wconf 90' lang='lat' dir='ltr'><strong>iuvisset.</strong></span> <span class='ocrx_word' id='word_1_89' title='bbox 441 1193 550 1252; x_wconf 89' lang='lat' dir='ltr'><strong>missus</strong></span> <span class='ocrx_word' id='word_1_90' title='bbox 565 1199 663 1252; x_wconf 89' lang='lat' dir='ltr'><strong>tamen</strong></span> <span class='ocrx_word' id='word_1_91' title='bbox 677 1189 801 1272; x_wconf 84' lang='lat' dir='ltr'><strong>Drusus,</strong></span> <span class='ocrx_word' id='word_1_92' title='bbox 816 1199 850 1251; x_wconf 94' lang='lat' dir='ltr'><strong>ut</strong></span> <span class='ocrx_word' id='word_1_93' title='bbox 864 1192 1047 1272; x_wconf 87' lang='lat' dir='ltr'><strong>rettulimus,</strong></span> <span class='ocrx_word' id='word_1_94' title='bbox 1062 1195 1129 1271; x_wconf 91' lang='lat' dir='ltr'><strong>paci</strong></span> 
     </span>
     <span class='ocr_line' id='line_1_13' title="bbox 116 1281 675 1341; baseline 0.002 -1"><span class='ocrx_word' id='word_1_95' title='bbox 116 1281 257 1341; x_wconf 88' lang='lat' dir='ltr'><strong>firmator.</strong></span> <span class='ocrx_word' id='word_1_96' title='bbox 672 1310 675 1315; x_wconf 94' lang='lat'>·</span> 
     </span>
    </p>

    <p class='ocr_par' dir='ltr' id='par_1_6' title="bbox 117 1366 1129 1715">
     <span class='ocr_line' id='line_1_14' title="bbox 167 1366 1129 1448; baseline 0 -18"><span class='ocrx_word' id='word_1_97' title='bbox 167 1366 235 1448; x_wconf 55' lang='grc' dir='ltr'><strong>Α47.</strong></span> <span class='ocrx_word' id='word_1_98' title='bbox 263 1366 374 1429; x_wconf 86' lang='lat' dir='ltr'><strong>Eodem</strong></span> <span class='ocrx_word' id='word_1_99' title='bbox 398 1386 475 1430; x_wconf 89' lang='lat' dir='ltr'><strong>anno</strong></span> <span class='ocrx_word' id='word_1_100' title='bbox 499 1369 655 1430; x_wconf 88' lang='lat' dir='ltr'><strong>duodecim</strong></span> <span class='ocrx_word' id='word_1_101' title='bbox 679 1367 813 1430; x_wconf 84' lang='lat' dir='ltr'><strong>celebres</strong></span> <span class='ocrx_word' id='word_1_102' title='bbox 838 1369 922 1430; x_wconf 82' lang='lat' dir='ltr'><strong>Asiae</strong></span> <span class='ocrx_word' id='word_1_103' title='bbox 945 1369 1035 1430; x_wconf 89' lang='lat' dir='ltr'><strong>urbes</strong></span> <span class='ocrx_word' id='word_1_104' title='bbox 1059 1387 1129 1430; x_wconf 94' lang='lat' dir='ltr'><strong>con-</strong></span> 
     </span>
     <span class='ocr_line' id='line_1_15' title="bbox 117 1457 1129 1539; baseline 0.001 -22"><span class='ocrx_word' id='word_1_105' title='bbox 117 1457 215 1536; x_wconf 87' lang='lat' dir='ltr'><strong>lapsae</strong></span> <span class='ocrx_word' id='word_1_106' title='bbox 239 1465 385 1518; x_wconf 92' lang='lat' dir='ltr'><strong>nocturno</strong></span> <span class='ocrx_word' id='word_1_107' title='bbox 409 1464 493 1519; x_wconf 89' lang='lat' dir='ltr'><strong>motu</strong></span> <span class='ocrx_word' id='word_1_108' title='bbox 520 1465 631 1539; x_wconf 90' lang='lat' dir='ltr'><strong>terrae,</strong></span> <span class='ocrx_word' id='word_1_109' title='bbox 660 1476 718 1539; x_wconf 87' lang='lat' dir='ltr'><strong>quo</strong></span> <span class='ocrx_word' id='word_1_110' title='bbox 746 1460 925 1538; x_wconf 87' lang='lat' dir='ltr'><strong>inprovisior</strong></span> <span class='ocrx_word' id='word_1_111' title='bbox 952 1459 1129 1537; x_wconf 81' lang='lat' dir='ltr'><strong>graviorque</strong></span> 
     </span>
     <span class='ocr_line' id='line_1_16' title="bbox 117 1545 1129 1627; baseline 0.001 -21"><span class='ocrx_word' id='word_1_112' title='bbox 117 1549 211 1625; x_wconf 90' lang='lat' dir='ltr'><strong>pestis</strong></span> <span class='ocrx_word' id='word_1_113' title='bbox 239 1546 303 1607; x_wconf 88' lang='lat' dir='ltr'><strong>luit.</strong></span> <span class='ocrx_word' id='word_1_114' title='bbox 349 1565 446 1627; x_wconf 87' lang='lat' dir='ltr'><strong>neque</strong></span> <span class='ocrx_word' id='word_1_115' title='bbox 474 1547 593 1609; x_wconf 89' lang='lat' dir='ltr'><strong>solitum</strong></span> <span class='ocrx_word' id='word_1_116' title='bbox 620 1549 653 1606; x_wconf 88' lang='lat' dir='ltr'><strong>in&#39;</strong></span> <span class='ocrx_word' id='word_1_117' title='bbox 679 1545 731 1608; x_wconf 89' lang='lat' dir='ltr'><strong>tali</strong></span> <span class='ocrx_word' id='word_1_118' title='bbox 759 1565 829 1607; x_wconf 89' lang='lat' dir='ltr'><strong>casu</strong></span> <span class='ocrx_word' id='word_1_119' title='bbox 858 1546 999 1624; x_wconf 81' lang='lat' dir='ltr'><strong>effugium</strong></span> <span class='ocrx_word' id='word_1_120' title='bbox 1023 1546 1129 1607; x_wconf 85' lang='lat' dir='ltr'><strong>subve-</strong></span> 
     </span>
     <span class='ocr_line' id='line_1_17' title="bbox 117 1634 1129 1715; baseline 0.001 -20"><span class='ocrx_word' id='word_1_121' title='bbox 117 1635 231 1715; x_wconf 89' lang='lat' dir='ltr'><strong>niebat,</strong></span> <span class='ocrx_word' id='word_1_122' title='bbox 254 1637 285 1695; x_wconf 95' lang='lat' dir='ltr'><strong>in</strong></span> <span class='ocrx_word' id='word_1_123' title='bbox 309 1642 411 1715; x_wconf 88' lang='lat' dir='ltr'><strong>aperta</strong></span> <span class='ocrx_word' id='word_1_124' title='bbox 440 1635 667 1714; x_wconf 92' lang='lat' dir='ltr'><strong>prorumpendi,</strong></span> <span class='ocrx_word' id='word_1_125' title='bbox 696 1637 765 1713; x_wconf 91' lang='lat' dir='ltr'><strong>quia</strong></span> <span class='ocrx_word' id='word_1_126' title='bbox 793 1634 921 1695; x_wconf 89' lang='lat' dir='ltr'><strong>diductis</strong></span> <span class='ocrx_word' id='word_1_127' title='bbox 945 1637 1034 1695; x_wconf 89' lang='lat' dir='ltr'><strong>terris</strong></span> <span class='ocrx_word' id='word_1_128' title='bbox 1057 1634 1129 1696; x_wconf 91' lang='lat' dir='ltr'><strong>bau·</strong></span> 
     </span>
    </p>

    <p class='ocr_par' dir='ltr' id='par_1_7' title="bbox 91 1722 1129 2154">
     <span class='ocr_line' id='line_1_18' title="bbox 91 1722 1128 1803; baseline 0.001 -20"><span class='ocrx_word' id='word_1_129' title='bbox 91 1724 280 1785; x_wconf 68' lang='lat' dir='ltr'><strong>oriebantur.</strong></span> <span class='ocrx_word' id='word_1_130' title='bbox 327 1722 439 1783; x_wconf 82' lang='lat' dir='ltr'><strong>sedisse</strong></span> <span class='ocrx_word' id='word_1_131' title='bbox 461 1724 612 1783; x_wconf 88' lang='lat' dir='ltr'><strong>inmensos</strong></span> <span class='ocrx_word' id='word_1_132' title='bbox 636 1731 765 1802; x_wconf 88' lang='lat' dir='ltr'><strong>montes,</strong></span> <span class='ocrx_word' id='word_1_133' title='bbox 793 1724 854 1782; x_wconf 87' lang='lat' dir='ltr'><strong>visa</strong></span> <span class='ocrx_word' id='word_1_134' title='bbox 877 1725 908 1782; x_wconf 94' lang='lat' dir='ltr'><strong>in</strong></span> <span class='ocrx_word' id='word_1_135' title='bbox 931 1723 1024 1784; x_wconf 89' lang='lat' dir='ltr'><strong>arduo</strong></span> <span class='ocrx_word' id='word_1_136' title='bbox 1052 1741 1128 1803; x_wconf 88' lang='lat' dir='ltr'><strong>quae</strong></span> 
     </span>
     <span class='ocr_line' id='line_1_19' title="bbox 117 1810 1128 1892; baseline 0 -21"><span class='ocrx_word' id='word_1_137' title='bbox 117 1812 203 1892; x_wconf 91' lang='lat' dir='ltr'><strong>plana</strong></span> <span class='ocrx_word' id='word_1_138' title='bbox 218 1813 337 1889; x_wconf 85' lang='lat' dir='ltr'><strong>luerint,</strong></span> <span class='ocrx_word' id='word_1_139' title='bbox 353 1810 498 1871; x_wconf 85' lang='lat' dir='ltr'><strong>eliulsisse</strong></span> <span class='ocrx_word' id='word_1_140' title='bbox 514 1812 594 1870; x_wconf 88' lang='lat' dir='ltr'><strong>inter</strong></span> <span class='ocrx_word' id='word_1_141' title='bbox 608 1811 724 1870; x_wconf 88' lang='lat' dir='ltr'><strong>ruinam</strong></span> <span class='ocrx_word' id='word_1_142' title='bbox 738 1812 823 1888; x_wconf 85' lang='lat' dir='ltr'><strong>ignes</strong></span> <span class='ocrx_word' id='word_1_143' title='bbox 832 1817 1004 1871; x_wconf 89' lang='lat' dir='ltr'><strong>memorant.</strong></span> <span class='ocrx_word' id='word_1_144' title='bbox 1028 1829 1128 1891; x_wconf 89' lang='lat' dir='ltr'><strong>asper-</strong></span> 
     </span>
     <span class='ocr_line' id='line_1_20' title="bbox 117 1897 1128 1976; baseline 0.002 -18"><span class='ocrx_word' id='word_1_145' title='bbox 117 1902 191 1960; x_wconf 88' lang='lat' dir='ltr'><strong>rima</strong></span> <span class='ocrx_word' id='word_1_146' title='bbox 214 1903 245 1959; x_wconf 95' lang='lat' dir='ltr'><strong>in</strong></span> <span class='ocrx_word' id='word_1_147' title='bbox 265 1898 422 1959; x_wconf 91' lang='lat' dir='ltr'><strong>Sardianos</strong></span> <span class='ocrx_word' id='word_1_148' title='bbox 445 1897 510 1958; x_wconf 89' lang='lat' dir='ltr'><strong>lues</strong></span> <span class='ocrx_word' id='word_1_149' title='bbox 532 1897 694 1976; x_wconf 89' lang='lat' dir='ltr'><strong>plurimum</strong></span> <span class='ocrx_word' id='word_1_150' title='bbox 711 1899 742 1957; x_wconf 92' lang='lat' dir='ltr'><strong>in</strong></span> <span class='ocrx_word' id='word_1_151' title='bbox 762 1898 882 1960; x_wconf 90' lang='lat' dir='ltr'><strong>eosdem</strong></span> <span class='ocrx_word' id='word_1_152' title='bbox 906 1900 1128 1960; x_wconf 89' lang='lat' dir='ltr'><strong>misericordiae</strong></span> 
     </span>
     <span class='ocr_line' id='line_1_21' title="bbox 116 1984 1129 2068; baseline 0.002 -22"><span class='ocrx_word' id='word_1_153' title='bbox 116 1989 220 2047; x_wconf 79' lang='lat' dir='ltr'><strong>traxit:</strong></span> <span class='ocrx_word' id='word_1_154' title='bbox 244 2004 311 2046; x_wconf 90' lang='lat' dir='ltr'><strong>narn</strong></span> <span class='ocrx_word' id='word_1_155' title='bbox 330 1987 464 2046; x_wconf 90' lang='lat' dir='ltr'><strong>centiens</strong></span> <span class='ocrx_word' id='word_1_156' title='bbox 483 1988 653 2046; x_wconf 89' lang='lat' dir='ltr'><strong>sestertium</strong></span> <span class='ocrx_word' id='word_1_157' title='bbox 671 1984 821 2065; x_wconf 87' lang='lat' dir='ltr'><strong>pollicitus</strong></span> <span class='ocrx_word' id='word_1_158' title='bbox 840 1986 960 2068; x_wconf 84' lang='lat' dir='ltr'><strong>Caesar,</strong></span> <span class='ocrx_word' id='word_1_159' title='bbox 984 1995 1014 2049; x_wconf 91' lang='lat' dir='ltr'><strong>et</strong></span> <span class='ocrx_word' id='word_1_160' title='bbox 1037 2006 1129 2067; x_wconf 91' lang='lat' dir='ltr'><strong>quan·</strong></span> 
     </span>
     <span class='ocr_line' id='line_1_22' title="bbox 116 2073 1128 2154; baseline 0.002 -19"><span class='ocrx_word' id='word_1_161' title='bbox 116 2082 180 2136; x_wconf 91' lang='lat' dir='ltr'><strong>tum</strong></span> <span class='ocrx_word' id='word_1_162' title='bbox 190 2076 303 2134; x_wconf 88' lang='lat' dir='ltr'><strong>aerario</strong></span> <span class='ocrx_word' id='word_1_163' title='bbox 313 2080 364 2134; x_wconf 92' lang='lat' dir='ltr'><strong>aut</strong></span> <span class='ocrx_word' id='word_1_164' title='bbox 374 2074 445 2133; x_wconf 90' lang='lat' dir='ltr'><strong>fisco</strong></span> <span class='ocrx_word' id='word_1_165' title='bbox 455 2073 632 2154; x_wconf 89' lang='lat' dir='ltr'><strong>pendebant,</strong></span> <span class='ocrx_word' id='word_1_166' title='bbox 640 2075 672 2134; x_wconf 94' lang='lat' dir='ltr'><strong>in</strong></span> <span class='ocrx_word' id='word_1_167' title='bbox 682 2076 918 2154; x_wconf 91' lang='lat' dir='ltr'><strong>quinquennium</strong></span> <span class='ocrx_word' id='word_1_168' title='bbox 928 2078 1051 2137; x_wconf 89' lang='lat' dir='ltr'><strong>remisit.</strong></span> <span class='ocrx_word' id='word_1_169' title='bbox 1070 2076 1128 2137; x_wconf 93' lang='lat' dir='ltr'><strong>Ma-</strong></span> 
     </span>
    </p>

    <p class='ocr_par' dir='ltr' id='par_1_8' title="bbox 78 2161 1129 2598">
     <span class='ocr_line' id='line_1_23' title="bbox 78 2161 1129 2244; baseline 0.001 -20"><span class='ocrx_word' id='word_1_170' title='bbox 78 2177 104 2216; x_wconf 86' lang='lat'><strong>10</strong></span> <span class='ocrx_word' id='word_1_171' title='bbox 118 2170 221 2242; x_wconf 82' lang='lat' dir='ltr'><strong>gnetes</strong></span> <span class='ocrx_word' id='word_1_172' title='bbox 236 2182 252 2223; x_wconf 90' lang='lat' dir='ltr'><strong>a</strong></span> <span class='ocrx_word' id='word_1_173' title='bbox 267 2161 367 2242; x_wconf 81' lang='lat' dir='ltr'><strong>Sipylo</strong></span> <span class='ocrx_word' id='word_1_174' title='bbox 381 2164 510 2242; x_wconf 80' lang='lat' dir='ltr'><strong>proximi</strong></span> <span class='ocrx_word' id='word_1_175' title='bbox 523 2162 628 2223; x_wconf 92' lang='lat' dir='ltr'><strong>damno</strong></span> <span class='ocrx_word' id='word_1_176' title='bbox 648 2180 683 2222; x_wconf 91' lang='lat' dir='ltr'><strong>ac</strong></span> <span class='ocrx_word' id='word_1_177' title='bbox 701 2164 831 2225; x_wconf 84' lang='lat' dir='ltr'><strong>remedio</strong></span> <span class='ocrx_word' id='word_1_178' title='bbox 851 2164 951 2225; x_wconf 91' lang='lat' dir='ltr'><strong>babiti.</strong></span> <span class='ocrx_word' id='word_1_179' title='bbox 980 2163 1129 2244; x_wconf 88' lang='lat' dir='ltr'><strong>Temnios,</strong></span> 
     </span>
     <span class='ocr_line' id='line_1_24' title="bbox 117 2249 1129 2333; baseline 0.001 -21"><span class='ocrx_word' id='word_1_180' title='bbox 117 2250 376 2331; x_wconf 91' lang='lat' dir='ltr'><strong>Philadelpbenos,</strong></span> <span class='ocrx_word' id='word_1_181' title='bbox 399 2251 553 2330; x_wconf 83' lang='lat' dir='ltr'><strong>Aegeatas,</strong></span> <span class='ocrx_word' id='word_1_182' title='bbox 581 2249 838 2333; x_wconf 58' lang='lat' dir='ltr'><strong>Apollonidensem</strong></span> <span class='ocrx_word' id='word_1_183' title='bbox 866 2253 978 2333; x_wconf 88' lang='lat' dir='ltr'><strong>quique</strong></span> <span class='ocrx_word' id='word_1_184' title='bbox 1000 2252 1129 2314; x_wconf 87' lang='lat' dir='ltr'><strong>Mosteni</strong></span> 
     </span>
     <span class='ocr_line' id='line_1_25' title="bbox 117 2338 1128 2424; baseline 0.001 -24"><span class='ocrx_word' id='word_1_185' title='bbox 117 2348 168 2400; x_wconf 90' lang='lat' dir='ltr'><strong>aut</strong></span> <span class='ocrx_word' id='word_1_186' title='bbox 186 2339 361 2400; x_wconf 88' lang='lat' dir='ltr'><strong>Macedones</strong></span> <span class='ocrx_word' id='word_1_187' title='bbox 379 2338 510 2418; x_wconf 81' lang='lat' dir='ltr'><strong>Hyrcani</strong></span> <span class='ocrx_word' id='word_1_188' title='bbox 536 2347 692 2421; x_wconf 91' lang='lat' dir='ltr'><strong>vocantur,</strong></span> <span class='ocrx_word' id='word_1_189' title='bbox 720 2349 750 2402; x_wconf 92' lang='lat' dir='ltr'><strong>et</strong></span> <span class='ocrx_word' id='word_1_190' title='bbox 778 2340 1045 2424; x_wconf 87' lang='lat' dir='ltr'><strong>Hierocaesariam,</strong></span> <span class='ocrx_word' id='word_1_191' title='bbox 1068 2341 1128 2420; x_wconf 78' lang='lat' dir='ltr'><strong>My·</strong></span> 
     </span>
     <span class='ocr_line' id='line_1_26' title="bbox 116 2426 1129 2510; baseline 0 -20"><span class='ocrx_word' id='word_1_192' title='bbox 116 2430 224 2509; x_wconf 90' lang='lat' dir='ltr'><strong>rinam,</strong></span> <span class='ocrx_word' id='word_1_193' title='bbox 239 2427 362 2508; x_wconf 78' lang='lat' dir='ltr'><strong>Cymen,</strong></span> <span class='ocrx_word' id='word_1_194' title='bbox 376 2426 511 2488; x_wconf 84' lang='lat' dir='ltr'><strong>Tmolum</strong></span> <span class='ocrx_word' id='word_1_195' title='bbox 530 2427 622 2489; x_wconf 89' lang='lat' dir='ltr'><strong>levari</strong></span> <span class='ocrx_word' id='word_1_196' title='bbox 639 2428 718 2489; x_wconf 90' lang='lat' dir='ltr'><strong>idem</strong></span> <span class='ocrx_word' id='word_1_197' title='bbox 736 2431 768 2490; x_wconf 93' lang='lat' dir='ltr'><strong>in</strong></span> <span class='ocrx_word' id='word_1_198' title='bbox 786 2437 904 2510; x_wconf 90' lang='lat' dir='ltr'><strong>tempus</strong></span> <span class='ocrx_word' id='word_1_199' title='bbox 922 2430 1043 2491; x_wconf 91' lang='lat' dir='ltr'><strong>tributis</strong></span> <span class='ocrx_word' id='word_1_200' title='bbox 1062 2433 1129 2490; x_wconf 90' lang='lat' dir='ltr'><strong>mit·</strong></span> 
     </span>
     <span class='ocr_line' id='line_1_27' title="bbox 117 2516 1129 2598; baseline -0.001 -19"><span class='ocrx_word' id='word_1_201' title='bbox 117 2520 200 2598; x_wconf 90' lang='lat' dir='ltr'><strong>tique</strong></span> <span class='ocrx_word' id='word_1_202' title='bbox 219 2536 256 2578; x_wconf 84' lang='lat' dir='ltr'><strong>en</strong></span> <span class='ocrx_word' id='word_1_203' title='bbox 275 2524 380 2578; x_wconf 89' lang='lat' dir='ltr'><strong>senatu</strong></span> <span class='ocrx_word' id='word_1_204' title='bbox 397 2516 521 2595; x_wconf 89' lang='lat' dir='ltr'><strong>placuit,</strong></span> <span class='ocrx_word' id='word_1_205' title='bbox 545 2519 597 2595; x_wconf 93' lang='lat' dir='ltr'><strong>qui</strong></span> <span class='ocrx_word' id='word_1_206' title='bbox 614 2520 782 2595; x_wconf 89' lang='lat' dir='ltr'><strong>praesentia</strong></span> <span class='ocrx_word' id='word_1_207' title='bbox 801 2526 949 2597; x_wconf 90' lang='lat' dir='ltr'><strong>spectaret</strong></span> <span class='ocrx_word' id='word_1_208' title='bbox 969 2520 1129 2580; x_wconf 82' lang='lat' dir='ltr'><strong>refoveret·</strong></span> 
     </span>
    </p>

    <p class='ocr_par' dir='ltr' id='par_1_9' title="bbox 77 2603 1129 2843">
     <span class='ocr_line' id='line_1_28' title="bbox 77 2603 1129 2687; baseline -0.002 -19"><span class='ocrx_word' id='word_1_209' title='bbox 77 2619 103 2660; x_wconf 83' lang='lat'><strong>1⁵</strong></span> <span class='ocrx_word' id='word_1_210' title='bbox 118 2625 184 2687; x_wconf 91' lang='lat' dir='ltr'><strong>que.</strong></span> <span class='ocrx_word' id='word_1_211' title='bbox 214 2606 347 2668; x_wconf 93' lang='lat' dir='ltr'><strong>delectus</strong></span> <span class='ocrx_word' id='word_1_212' title='bbox 366 2612 411 2666; x_wconf 90' lang='lat' dir='ltr'><strong>est</strong></span> <span class='ocrx_word' id='word_1_213' title='bbox 429 2603 466 2664; x_wconf 92' lang='lat' dir='ltr'><strong>M.</strong></span> <span class='ocrx_word' id='word_1_214' title='bbox 481 2604 584 2666; x_wconf 81' lang='lat' dir='ltr'><strong>Ateius</strong></span> <span class='ocrx_word' id='word_1_215' title='bbox 604 2623 619 2665; x_wconf 98' lang='lat' dir='ltr'><strong>e</strong></span> <span class='ocrx_word' id='word_1_216' title='bbox 638 2608 810 2687; x_wconf 89' lang='lat' dir='ltr'><strong>praetoriis,</strong></span> <span class='ocrx_word' id='word_1_217' title='bbox 829 2625 866 2667; x_wconf 88' lang='lat' dir='ltr'><strong>nc</strong></span> <span class='ocrx_word' id='word_1_218' title='bbox 885 2605 1035 2668; x_wconf 90' lang='lat' dir='ltr'><strong>consulari</strong></span> <span class='ocrx_word' id='word_1_219' title='bbox 1053 2606 1129 2667; x_wconf 91' lang='lat' dir='ltr'><strong>obti-</strong></span> 
     </span>
     <span class='ocr_line' id='line_1_29' title="bbox 116 2686 1128 2776; baseline 0.001 -22"><span class='ocrx_word' id='word_1_220' title='bbox 116 2702 207 2755; x_wconf 91' lang='lat' dir='ltr'><strong>nente</strong></span> <span class='ocrx_word' id='word_1_221' title='bbox 225 2686 503 2755; x_wconf 79' lang='lat' dir='ltr'><strong>Asiam&#39;aemulatio</strong></span> <span class='ocrx_word' id='word_1_222' title='bbox 521 2696 600 2754; x_wconf 90' lang='lat' dir='ltr'><strong>inter</strong></span> <span class='ocrx_word' id='word_1_223' title='bbox 618 2712 706 2772; x_wconf 90' lang='lat' dir='ltr'><strong>pares</strong></span> <span class='ocrx_word' id='word_1_224' title='bbox 725 2701 755 2755; x_wconf 91' lang='lat' dir='ltr'><strong>et</strong></span> <span class='ocrx_word' id='word_1_225' title='bbox 773 2713 809 2755; x_wconf 84' lang='lat' dir='ltr'><strong>ex</strong></span> <span class='ocrx_word' id='word_1_226' title='bbox 829 2713 863 2756; x_wconf 92' lang='lat' dir='ltr'><strong>eo</strong></span> <span class='ocrx_word' id='word_1_227' title='bbox 882 2696 1128 2776; x_wconf 88' lang='lat' dir='ltr'><strong>impedimentum</strong></span> 
     </span>
     <span class='ocr_line' id='line_1_30' title="bbox 116 2780 1020 2843; baseline 0.006 -1"><span class='ocrx_word' id='word_1_228' title='bbox 116 2789 261 2843; x_wconf 87' lang='lat' dir='ltr'><strong>oreretur.</strong></span> <span class='ocrx_word' id='word_1_229' title='bbox 1012 2780 1020 2793; x_wconf 84' lang='lat'>&#39;</span> 
     </span>
    </p>

    <p class='ocr_par' dir='ltr' id='par_1_10' title="bbox 182 2867 1130 2954">
     <span class='ocr_line' id='line_1_31' title="bbox 182 2867 1130 2954; baseline -0.001 -21"><span class='ocrx_word' id='word_1_230' title='bbox 182 2867 235 2933; x_wconf 87' lang='grc'><strong>48.</strong></span> <span class='ocrx_word' id='word_1_231' title='bbox 263 2869 446 2948; x_wconf 86' lang='lat' dir='ltr'><strong>Magnificam</strong></span> <span class='ocrx_word' id='word_1_232' title='bbox 473 2873 505 2931; x_wconf 94' lang='lat' dir='ltr'><strong>in</strong></span> <span class='ocrx_word' id='word_1_233' title='bbox 531 2870 684 2954; x_wconf 89' lang='lat' dir='ltr'><strong>publicum</strong></span> <span class='ocrx_word' id='word_1_234' title='bbox 708 2871 894 2950; x_wconf 82' lang='lat' dir='ltr'><strong>largitionem</strong></span> <span class='ocrx_word' id='word_1_235' title='bbox 916 2875 999 2934; x_wconf 84' lang='lat' dir='ltr'><strong>auxit</strong></span> <span class='ocrx_word' id='word_1_236' title='bbox 1022 2873 1130 2934; x_wconf 84' lang='lat' dir='ltr'><strong>Caesar</strong></span> 
     </span>
    </p>
   </div>
   <div class='ocr_carea' id='block_1_3' title="bbox 116 3048 1131 3570">
    <p class='ocr_par' dir='ltr' id='par_1_11' title="bbox 116 3048 1131 3570">
     <span class='ocr_line' id='line_1_32' title="bbox 187 3048 1131 3145; baseline 0.001 -13"><span class='ocrx_word' id='word_1_237' title='bbox 187 3048 233 3142; x_wconf 70' lang='lat' dir='ltr'><strong>db,</strong></span> <span class='ocrx_word' id='word_1_238' title='bbox 255 3081 288 3131; x_wconf 84' lang='lat'><strong>14</strong></span> <span class='ocrx_word' id='word_1_239' title='bbox 311 3077 430 3143; x_wconf 77' lang='lat' dir='ltr'><strong>recente,</strong></span> <span class='ocrx_word' id='word_1_240' title='bbox 460 3093 507 3132; x_wconf 86' lang='lat' dir='ltr'><strong>em.</strong></span> <span class='ocrx_word' id='word_1_241' title='bbox 530 3077 610 3145; x_wconf 80' lang='lat' dir='ltr'><strong>Lips.</strong></span> <span class='ocrx_word' id='word_1_242' title='bbox 636 3079 641 3145; x_wconf 91' lang='grc' dir='ltr'>Ι</span> <span class='ocrx_word' id='word_1_243' title='bbox 668 3083 699 3131; x_wconf 83' lang='grc'><strong>19</strong></span> <span class='ocrx_word' id='word_1_244' title='bbox 727 3092 948 3143; x_wconf 81' lang='lat' dir='ltr'><strong>marcomannos,</strong></span> <span class='ocrx_word' id='word_1_245' title='bbox 976 3080 1023 3133; x_wconf 84' lang='lat' dir='ltr'><strong>aed</strong></span> <span class='ocrx_word' id='word_1_246' title='bbox 1044 3082 1074 3145; x_wconf 79' lang='lat'><strong>2,</strong></span> <span class='ocrx_word' id='word_1_247' title='bbox 1093 3081 1131 3134; x_wconf 80' lang='lat'><strong>62</strong></span> 
     </span>
     <span class='ocr_line' id='line_1_33' title="bbox 116 3146 1130 3230; baseline 0 -27"><span class='ocrx_word' id='word_1_248' title='bbox 116 3162 365 3214; x_wconf 85' lang='lat' dir='ltr'><strong>marcomanorum,</strong></span> <span class='ocrx_word' id='word_1_249' title='bbox 384 3154 416 3201; x_wconf 81' lang='lat' dir='ltr'><strong>ut</strong></span> <span class='ocrx_word' id='word_1_250' title='bbox 433 3148 510 3201; x_wconf 84' lang='lat' dir='ltr'><strong>codd.</strong></span> <span class='ocrx_word' id='word_1_251' title='bbox 531 3146 619 3202; x_wconf 78' lang='lat' dir='ltr'><strong>Germ.</strong></span> <span class='ocrx_word' id='word_1_252' title='bbox 634 3151 672 3202; x_wconf 79' lang='lat'><strong>42</strong></span> <span class='ocrx_word' id='word_1_253' title='bbox 691 3152 850 3230; x_wconf 53' lang='lat' dir='ltr'><strong>contonam.</strong></span> <span class='ocrx_word' id='word_1_254' title='bbox 869 3149 974 3217; x_wconf 80' lang='lat' dir='ltr'><strong>Ancpr.</strong></span> <span class='ocrx_word' id='word_1_255' title='bbox 993 3150 1047 3202; x_wconf 80' lang='lat' dir='ltr'><strong>tab.</strong></span> <span class='ocrx_word' id='word_1_256' title='bbox 1069 3153 1096 3215; x_wconf 86' lang='lat'><strong>6,</strong></span> <span class='ocrx_word' id='word_1_257' title='bbox 1112 3153 1130 3203; x_wconf 85' lang='lat'><strong><em>3</em></strong></span> 
     </span>
     <span class='ocr_line' id='line_1_34' title="bbox 147 3215 1129 3372; baseline -0.002 -28"><span class='ocrx_word' id='word_1_258' title='bbox 147 3215 854 3372; x_wconf 44' lang='lat' dir='ltr'><strong>elffii?Missilltuf‘llgffillffta}</strong></span> <span class='ocrx_word' id='word_1_259' title='bbox 864 3221 931 3355; x_wconf 50' lang='lat' dir='ltr'><strong>1²4⁷ss</strong></span> <span class='ocrx_word' id='word_1_260' title='bbox 945 3218 1129 3370; x_wconf 51' lang='grc' dir='ltr'><strong>ῗῃῖξᾱιῗὲἷῑῖἶ</strong></span> 
     </span>
     <span class='ocr_line' id='line_1_35' title="bbox 116 3356 1130 3509; baseline -0.001 -24"><span class='ocrx_word' id='word_1_261' title='bbox 116 3356 895 3509; x_wconf 54' lang='lat' dir='ltr'><strong>incitatllubtlttttlttdttlbltltt</strong></span> <span class='ocrx_word' id='word_1_262' title='bbox 904 3358 1130 3498; x_wconf 56' lang='lat' dir='ltr'><strong>Matella</strong></span> 
     </span>
     <span class='ocr_line' id='line_1_36' title="bbox 116 3497 763 3570; baseline -0.017 -12"><span class='ocrx_word' id='word_1_263' title='bbox 116 3501 216 3558; x_wconf 82' lang='lat' dir='ltr'><strong>Ateius</strong></span> <span class='ocrx_word' id='word_1_264' title='bbox 235 3501 398 3560; x_wconf 79' lang='lat' dir='ltr'><strong>Mommsen:</strong></span> <span class='ocrx_word' id='word_1_265' title='bbox 418 3500 508 3556; x_wconf 75' lang='lat' dir='ltr'><strong>alcius</strong></span> <span class='ocrx_word' id='word_1_266' title='bbox 528 3497 648 3570; x_wconf 78' lang='lat' dir='ltr'><strong>(Alebus</strong></span> <span class='ocrx_word' id='word_1_267' title='bbox 669 3499 763 3555; x_wconf 66' lang='lat' dir='ltr'><strong>ortuo</strong></span> 
     </span>
    </p>
   </div>
   <div class='ocr_carea' id='block_1_4' title="bbox 0 0 1200 3876">
    <p class='ocr_par' dir='ltr' id='par_1_12' title="bbox 0 0 1200 3876">
     <span class='ocr_line' id='line_1_37' title="bbox 0 0 1200 3876; baseline 0 0"><span class='ocrx_word' id='word_1_268' title='bbox 0 0 1200 3876; x_wconf 95' lang='lat' dir='ltr'><strong> </strong></span> 
     </span>
    </p>
   </div>
  </div>
 </body>
</html>
