2392 3876
120 144 184 208 100
473 139 642 196 CORNELII
658 139 776 196 'I'AOITI

17 288 86 378 {pp
186 286 237 352 31.
257 290 398 369 Sequitur
415 289 515 350 Tiberi
530 298 668 368 quartus,
682 289 771 350 Drusi
785 289 935 349 secundus
950 288 1138 371 consulatus,

77 386 80 390 ’
118 381 211 461 patris
235 387 322 458 atque
346 378 400 439 lilii
423 378 546 457 collegio
570 380 703 457 insignis.
738 395 806 437 nam
824 379 952 438 triennio
972 385 1039 438 ante
1060 377 1137 439 Ger·

119 469 228 529 manici
246 486 315 529 cum
329 466 449 528 'liberio
468 468 547 528 idem
565 466 660 527 honor
679 483 776 545 neque
794 473 900 544 patruo
920 466 1014 527 laetus
1032 484 1137 546 neque

120 566 225 618 natura
252 565 312 617 tam
340 574 470 616 conexus
493 555 597 616 iuerat.
643 558 708 616 eius
731 557 801 614 anni
822 557 969 634 principio
992 554 1138 616 'liberius

94 648 207 725 ⁵quasi
224 642 384 705 firmandae
403 643 564 704 valetudini
582 646 613 703 in
633 643 821 722 Campaniam
840 645 996 722 concessit,
1014 643 1138 722 longam

120 743 151 795 et
169 735 340 795 continuam
359 732 522 793 absentiam
545 731 685 811 paulatim
709 733 868 813 meditans,
891 735 952 793 sive
976 742 1010 792 ut
1034 742 1137 793 amoto

120 830 204 901 patre
214 821 328 882 Drusus
338 823 439 882 munia
453 820 625 881 consulatus
640 820 721 881 solus
734 821 880 899 impleret.
903 839 938 881 ac
951 823 1028 881 sorte
1042 839 1138 898 parva

119 928 168 970 res
183 927 322 987 magnum
336 909 372 970 ad
387 917 537 970 cer-tamen
550 927 708 989 progressa
721 908 859 988 praebuit
868 911 969 970 iuveni
978 913 1138 971 materiem

120 997 273 1078 apiscendi
290 997 405 1058 favoris.
439 997 584 1058 Domitius
602 997 731 1058 Corbulo
749 1006 889 1076 praetura
908 997 1029 1059 functus
1048 998 1086 1058 de
1101 998 1146 1061 L..

81 1100 106 1138 10
122 1076 202 1146 Sulla
217 1085 308 1146 nobili
322 1089 428 1147 iuvene
443 1093 567 1165 questus
586 1093 632 1147 est
649 1085 727 1164 apud
747 1095 894 1167 senatum,
915 1087 993 1165 quod
1013 1086 1071 1146 sibi
1090 1089 1137 1146 in-

121 1183 166 1235 ter
186 1175 353 1253 spectacula
372 1174 568 1254 gladiatorum
581 1174 647 1235 loco
662 1192 721 1234 non
736 1174 921 1235 decessisset.
950 1193 1005 1253 pro
1020 1174 1136 1236 Corbu-

120 1263 187 1323 lone
206 1271 299 1344 aetas,
319 1265 432 1344 patrius
452 1282 531 1343 mos,
553 1263 649 1325 studia
670 1265 821 1324 seniomm
840 1270 937 1323 erant:
956 1270 1058 1324 contra
1074 1263 1135 1324 Ma·

121 1369 239 1413 marcus
263 1352 393 1413 Scaurus
421 1359 451 1413 et
474 1353 506 1412 L.
530 1353 689 1413 Arruntius
717 1351 826 1431 aliique
851 1351 948 1412 Sullae
971 1354 1138 1431 propinqui

120 1440 299 1501 nitebantur.
324 1440 535 1520 certabantque
546 1439 730 1501 orationibus
740 1449 770 1501 et
780 1440 1019 1501 memorabantur
1034 1459 1136 1501 exem-

81 1542 106 1582 15
120 1528 168 1608 pla
182 1532 340 1610 maiorum,
359 1532 411 1608 qui
429 1532 592 1590 iuventutis
607 1531 835 1589 inreverentiam
850 1528 987 1606 gravibus
1002 1529 1136 1590 decretis

120 1621 315 1698 notavissent,
343 1618 437 1678 donec
460 1617 575 1678 Drusus
598 1626 665 1696 apta
688 1617 887 1696 temperandis
911 1618 1016 1677 animis
1039 1617 1135 1678 disse·

120 1709 195 1788 ruit3
220 1715 250 1768 et
268 1706 451 1768 satisfactum
470 1704 633 1765 Corbuloni
650 1722 704 1783 per
722 1704 916 1785 Mamercum,
936 1709 988 1785 qui
1006 1712 1136 1784 patruus

121 1794 208 1855 simul
231 1813 265 1855 ac
287 1795 411 1854 vitricus
435 1791 533 1852 Sullae
559 1799 589 1852 et
612 1801 764 1853 oratorum
787 1812 824 1854 ea
847 1800 942 1866 aetate
960 1793 1135 1856 uberrimus

120 1890 192 1943 erat.
224 1882 303 1943 idem
317 1880 445 1941 Corbulo
465 1879 592 1959 plurima
609 1898 664 1959 per
678 1880 790 1941 ltaliam
808 1883 915 1943 itinera
933 1882 1037 1943 fraude
1051 1901 1134 1944 man-

81 1984 107 2022 20
121 1973 221 2049 cipum
240 1978 270 2030 et
287 1971 403 2029 incuria
421 1971 646 2053 magistratuum
661 1971 828 2048 interrupta
843 1978 873 2031 et
886 1973 1018 2050 inpervia
1033 1971 1135 2033 clami·
1156 2024 1158 2028 .

119 2058 217 2138 tando,
233 2060 454 2118 exsecutionem
469 2058 533 2117 eius
547 2059 659 2135 negotii
678 2057 774 2118 libens
789 2061 935 2140 suscepit3
955 2060 1034 2138 qood
1053 2060 1134 2122 baud

119 2146 242 2226 perinde
261 2145 379 2225 publice
399 2147 467 2207 usui
484 2145 618 2207 habitum
638 2164 726 2224 quam
745 2149 902 2208 exitiosum
921 2148 1035 2228 multis,
1059 2167 1133 2227 quo-

120 2253 187 2296 rum
205 2237 236 2295 iu
255 2237 412 2313 pecuniam
431 2242 519 2314 atque
538 2235 645 2295 lamam
663 2235 900 2297 damnationibus
919 2245 949 2297 et
966 2237 1050 2298 basta
1069 2255 1133 2299 sae·

122 2323 228 2383 viebat.
561 2379 564 2385 .
609 2361 612 2366 ·

187 2407 239 2473 32.
253 2411 358 2491 Neque
369 2413 462 2473 multo
476 2419 544 2493 post
558 2414 657 2473 missis
671 2412 706 2474 ad
723 2421 858 2474 senatum
873 2414 981 2475 litteris
992 2414 1133 2477 Tiberius

120 2510 229 2562 motam
243 2519 363 2562 rursum
377 2501 505 2562 Africam
525 2504 648 2562 incursu
662 2501 856 2563 Tacfarinatis
875 2503 990 2582 docuit,
1008 2502 1133 2565 iudicio·

121 2608 177 2668 que
196 2599 315 2669 patrum
334 2589 522 2670 deligendum
540 2609 595 2669 pro
619 2590 741 2652 consule
764 2609 890 2670 gnarum
912 2591 1047 2673 militiae,
1067 2611 1132 2653 cor-

119 2696 192 2757 pore
210 2678 338 2741 validum
358 2688 388 2741 et
406 2678 483 2740 bello
504 2679 706 2741 suffecturum.
735 2680 813 2759 quod
832 2681 951 2742 initium
966 2680 1031 2741 Sex.
1046 2680 1132 2742 Pom·

79 2775 93 2817 5
119 2767 205 2844 peius
224 2768 354 2844 agitandi
371 2768 513 2829 adversus
531 2767 663 2829 Marcum
681 2768 826 2847 Lepidum
852 2769 912 2831 odii
935 2777 1073 2851 nanctus,
1098 2779 1133 2831 ut

120 2855 287 2935 socordem,
307 2858 425 2934 inopem
440 2865 470 2918 et
482 2857 644 2919 maioribus
663 2859 725 2917 suis
740 2857 920 2919 dedecorum
934 2876 1028 2937 eoque
1043 2860 1133 2919 etiam

120 2943 205 3003 Asiae
225 2951 304 3003 sorte
324 2943 530 3023 depellendum
548 2947 707 3026 incusavit,
727 2945 850 3007 adverso
869 2955 986 3028 senatu,
1006 2949 1058 3026 qui
1077 2947 1131 3007 Le-

119 3032 222 3112 pidum
239 3033 342 3092 mitem
360 3036 454 3111 magis
470 3052 558 3112 quam
571 3036 721 3114 ignavum,
741 3043 880 3114 paternas
895 3038 923 3096 ei
937 3038 1087 3114 angustias
1102 3045 1133 3097 et

119 3120 303 3181 nobilitatem
318 3123 381 3181 sine
396 3121 507 3199 probro
517 3129 611 3182 actam
621 3123 727 3183 honori
737 3142 824 3202 quam
834 3126 1012 3204 ignominiae
1023 3124 1132 3185 baben·

81 3222 106 3261 10
121 3209 187 3271 dam
202 3208 335 3270 ducebat.
364 3211 456 3288 igitur
470 3211 579 3270 missus
593 3212 624 3270 in
638 3211 745 3293 Asiam,
761 3220 790 3272 et
805 3213 841 3273 de
855 3213 953 3274 Africa
968 3215 1131 3293 decretum,

119 3306 153 3358 ut
168 3298 274 3359 Caesar
288 3297 400 3377 legeret
415 3300 464 3358 cui
477 3298 640 3359 mandanda
656 3300 740 3361 ioret.

190 3416 235 3484 a1,
256 3422 271 3470 2
290 3414 412 3471 triennio
432 3415 603 3486 Nipperdey:
622 3415 737 3471 biennio
753 3420 791 3487 14
811 3416 924 3473 conexis
942 3421 970 3476 J.
991 3420 1042 3476 Fr.
1062 3419 1131 3475 Gro-

119 3488 238 3582 κονίας]Ι
254 3491 286 3582 38
307 3503 340 3541 ea
359 3489 423 3580 add.
443 3487 584 3583 derebus
