2392 3876
270 189 319 246 AB
337 189 499 248 monnau
517 188 672 246 AUGUSTI
688 189 748 247 XII.
768 197 881 247 ot-ae.
1002 190 1067 257 233

60 342 125 402 cedi
140 348 290 422 poterant,
304 342 336 402 iu
349 340 470 400 modum
483 338 550 400 valli
564 357 633 400 saxa
646 342 816 420 praestruit.
844 346 874 400 et
887 336 1069 420 praefluebat

59 433 154 491 amnis
169 430 241 491 rado
255 431 383 509 incerto,
402 436 596 506 catervaeque
615 436 795 489 armatorum
809 445 864 508 pro
877 431 1069 491 munimentis
1082 443 1109 484 ιο

59 520 261 586 constiterant.

125 604 177 669 34.
197 606 240 668 Λᾶ
255 605 312 668 boe
325 608 458 685 gentium
472 605 612 666 ductores
626 607 798 686 circumire,
811 605 937 686 hortari,
951 607 1069 668 firmare

59 699 172 758 animos
186 694 346 757 minuendo
365 702 460 775 metu,
478 693 664 755 accendenda
679 712 731 774 spe
745 693 869 773 aliisque
883 693 952 755 belli
966 696 1069 755 incita·

59 787 181 847 mentis:
204 787 354 846 enimvero
374 782 533 843 Caratacus
555 781 615 844 bue
637 782 708 844 illue
731 782 857 843 volitans
879 781 962 845 illum
982 782 1070 865 diem,

58 874 139 935 illam
158 875 252 934 aciem
270 870 435 933 testabatur
454 878 505 932 aut
523 871 732 950 reciperandae
750 870 897 932 libertatis
910 878 961 933 ant
979 873 1070 932 servi·

59 965 133 1022 tutis
148 968 285 1022 aeternae
298 961 418 1020 initium
432 959 509 1038 fore3
522 958 704 1039 vocabatque
717 961 836 1020 uomina
850 961 1004 1041 maiorum,
1018 961 1096 1040 qnia

61 1050 236 1110 dictatorem
250 1047 405 1109 Caesarem
418 1046 616 1127 pepulissent,
630 1066 757 1127 quorum
770 1050 881 1110 virtute
895 1051 981 1110 vacui
995 1067 1010 1110 a
1025 1067 1070 1110 se·

61 1137 184 1199 curibus
193 1144 224 1199 et
237 1134 359 1198 tributis
372 1137 547 1196 intemerata
556 1136 716 1215 coniugum
730 1144 760 1197 et
772 1135 935 1198 liberorum
945 1154 1070 1216 corpora

60 1229 232 1288 retinerent.
259 1223 340 1285 haec
351 1231 440 1302 atque
458 1223 527 1284 talia
546 1223 656 1285 dicenti
675 1224 847 1304 adstrepere
864 1225 983 1306 vulgus,
1001 1245 1070 1305 gen·

60 1315 106 1376 tili
128 1317 254 1395 quisque
277 1312 420 1391 religione
444 1311 603 1391 obstringi,
630 1330 690 1373 non
712 1311 792 1392 telis,
815 1331 875 1374 non
898 1314 1070 1375 vulneribus

61 1421 206 1465 cessuros.
1084 1417 1111 1458 ro

127 1488 179 1552 35.
206 1489 412 1568 Obstupefecit
434 1507 468 1549 ea
491 1487 627 1557 alacritas
650 1489 757 1549 ducem
778 1488 956 1566 Romanum3
983 1488 1071 1550 simul

61 1580 196 1642 obiectus
210 1581 319 1659 amnis,
338 1578 469 1638 additum
490 1575 610 1658 vallum,
628 1578 803 1637 inminentia
821 1579 902 1658 iuga,
920 1577 996 1638 nihil
1014 1580 1072 1638 nisi

61 1678 145 1731 atrox
163 1675 194 1729 et
211 1664 481 1747 propugnatoribus
495 1666 637 1744 frequens
650 1664 789 1726 terrebat.
822 1665 873 1726 sed
887 1664 973 1726 miles
987 1684 1071 1745 proe-

61 1759 134 1819 lium
156 1773 294 1836 poscere,
318 1762 424 1815 cuncta
448 1755 558 1814 virtute
576 1751 782 1832 expugnabilia
801 1753 965 1834 clamitare3
988 1771 1071 1833 prae-

61 1847 191 1924 fectique
205 1852 235 1906 et
248 1843 361 1905 tribuni
375 1844 456 1921 paria
471 1842 652 1903 disserentes
666 1841 803 1902 ardorem
817 1844 967 1903 exercitus
976 1845 1070 1903 inten-
1085 1858 1098 1898 a

62 1934 179 1996 debant.
198 1940 262 1994 tum
272 1931 418 2009 Ostorius,
429 1932 655 2009 circumspectis
664 1949 739 2009 quae
748 1929 975 2010 inpenetrabilia
984 1949 1072 2010 quae-

62 2042 120 2102 que
134 2024 248 2103 pervia,
267 2020 350 2081 ducit
364 2019 495 2080 infensos
510 2036 685 2098 amnemque
698 2017 776 2080 baud
791 2019 952 2081 difficulter
966 2020 1071 2080 evadit.

61 2112 114 2179 ubi
136 2118 258 2172 ventum
280 2108 317 2169 ad
340 2125 490 2188 aggerem,
518 2107 589 2168 dum
612 2107 775 2170 missilibus
798 2107 981 2187 certabatur,
1004 2107 1072 2186 plns

63 2200 217 2260 vulnerum
235 2200 267 2257 in
285 2215 341 2257 nos
359 2203 389 2258 et
407 2195 565 2276 pleraeque
584 2196 689 2257 caedes
708 2195 893 2258 oriebantur:
916 2203 1071 2276 postquem
1097 2238 1100 2255 ,

63 2289 138 2348 facta
151 2286 301 2347 testudine
315 2284 406 2346 rudes
415 2292 445 2345 et
454 2284 597 2345 informes
610 2302 748 2346 saxorum
758 2302 905 2364 conpages
914 2284 1072 2346 distractae
1087 2299 1114 2339 ιο

63 2393 175 2456 parque
190 2375 356 2435 comminus
374 2374 465 2452 acies,
484 2371 629 2433 decedere
647 2371 766 2433 barbari
783 2375 815 2433 in
833 2375 901 2452 iuga
918 2375 1072 2433 montium.

65 2465 116 2525 sed
132 2482 167 2524 eo
182 2480 301 2543 quoque
314 2464 457 2538 inrupere
471 2459 649 2520 ferentarius
663 2463 819 2540 gravisque
833 2460 931 2540 miles,
949 2459 993 2521 illi
1005 2460 1074 2520 telis

64 2551 260 2629 adsultantes,
278 2549 311 2608 bi
328 2548 462 2609 conferto
480 2546 573 2625 gradu
578 2593 586 2626 ,
605 2547 733 2608 turbatis
747 2555 849 2608 contra
862 2547 1074 2609 Britannorum

64 2638 232 2715 ordinibus,
255 2636 334 2715 apud
358 2652 433 2714 qnos
451 2634 531 2695 nulla
550 2634 709 2696 loricarum
727 2635 913 2714 galearumve
931 2637 1073 2716 tegmina3

64 2735 94 2788 et
113 2728 140 2787 si
158 2724 350 2786 auxiliaribus
369 2725 555 2802 resisterent,
573 2722 679 2801 gladiis
697 2740 732 2785 ac
750 2722 819 2801 pilis
835 2722 1073 2805 legionariorum,
1088 2736 1114 2778 ro

64 2818 90 2876 si
108 2815 167 2875 buc
186 2818 349 2892 verterent,
368 2809 481 2890 spathis
499 2818 530 2872 et
547 2811 641 2871 hastis
655 2811 841 2874 auxiliarium
855 2810 1073 2874 sternebantur.

63 2905 141 2965 clara
156 2921 190 2963 ea
204 2903 328 2962 victoria
341 2900 411 2979 fnit,
429 2906 573 2978 captaque
593 2917 668 2960 uxor
687 2907 717 2961 et
735 2899 794 2961 fllia
808 2898 941 2963 Carataci
954 2901 1073 2962 fratres-

63 3010 120 3073 que
135 2995 165 3052 in
181 2989 360 3050 deditionem
374 2991 496 3067 accepti.

129 3076 181 3142 36.
199 3077 279 3158 lpse,
298 3085 332 3139 ut
350 3076 442 3138 ferme
461 3079 557 3138 intuta
575 3085 645 3138 sunt
664 3077 798 3159 adversa,
817 3097 885 3140 cum
903 3078 992 3139 fidem
1006 3077 1074 3138 Gar·

133 3251 180 3319 aa,
200 3257 216 3306 9
235 3249 348 3320 poterat
365 3249 458 3304 malim
475 3248 536 3304 coll.
554 3248 592 3306 Η.
608 3251 635 3314 3,
650 3252 683 3303 71
699 3249 706 3316 t
720 3245 805 3304 bellis
821 3250 826 3318 Ι
845 3252 877 3302 10
896 3247 1073 3315 ceteraeque,

63 3340 111 3378 em.
130 3321 248 3403 rupeas
263 3323 267 3389 Ι
283 3321 456 3375 armatorum
473 3317 659 3374 Freieebeim:
677 3317 816 3373 maiorum
831 3321 836 3388 Ι
851 3315 897 3386 et,
915 3323 933 3371 2
951 3317 1076 3372 secanda

65 3394 69 3462 l
86 3398 103 3446 a
120 3391 262 3461 religioni,
281 3408 334 3446 em..
348 3389 465 3460 Lipsius
480 3395 484 3452 Ι
500 3387 547 3454 85,
565 3395 583 3443 4
599 3387 701 3443 rutuli
717 3389 835 3445 malebat
852 3388 975 3444 Pirama
989 3390 994 3458 Ι
1010 3393 1028 3443 5
1045 3389 1076 3442 et

63 3463 128 3518 edd.
146 3461 347 3532 Bumoberqer
362 3465 367 3530 Ι
381 3458 572 3515 incendebant
583 3458 700 3530 Lipsius
714 3461 721 3528 t
737 3464 770 3514 ιο
783 3457 921 3513 trauecta
935 3459 941 3529 Ι
958 3465 990 3514 17
1004 3474 1076 3513 uxor

62 3533 273 3604 Beanubeqerr
292 3547 379 3586 uxore
394 3533 399 3602 Ι
414 3530 459 3598 dd,
481 3537 495 3585 1
514 3528 714 3598 centimandus,
733 3545 781 3585 em.
799 3528 968 3586 Potentem
