2392 3876
84 123 147 188 128
432 121 601 178 CORNELII
618 122 738 178 Taciti

82 274 243 351 imaginum
256 290 364 351 pompa
376 273 502 331 maxime
516 270 642 332 inlustre
656 272 722 353 tuit,
736 290 804 333 cum
818 273 901 350 origo
916 271 1010 333 lutiae
1026 291 1100 354 gen·

81 363 120 422 tis
135 363 247 421 Aeneas
261 378 423 439 omnesque
437 359 618 420 Albanorum
632 377 718 438 reges
733 368 763 421 et
782 360 917 420 conditor
935 361 1023 422 urbis
1040 363 1100 424 Ro·

43 465 68 507 10
81 449 192 530 mulus,
206 460 273 529 post
289 449 396 509 Sabina
410 447 561 527 nohilitaS,
575 449 661 508 Attus
677 447 800 510 Clatrsus
815 456 992 528 ceteraeque
1008 450 1097 512 Clau·

81 539 199 600 diorum
215 539 327 616 effigies
342 536 428 616 longo
443 536 547 596 ordine
562 544 776 615 spectarentur.

150 625 199 688 10.
218 625 252 686 ln
271 625 412 685 tradenda
431 633 525 684 morte
539 624 628 685 Drusi
643 643 718 704 quae
736 625 873 703 plurimis
886 627 1098 707 maximaeque

80 716 150 776 tidei
172 713 343 776 auctoribus
366 720 527 772 memorata
550 720 620 773 sunt
643 712 759 774 rettuli:
787 722 833 774 set
856 731 915 774 non
938 716 1098 777 omiserim

81 804 243 865 eorundem
253 811 420 880 temporum
430 819 590 880 rumorem,
605 800 733 861 validum
743 801 825 882 adeo,
839 809 873 863 ut
882 802 1017 864 nondum
1027 823 1098 866 exo-

80 892 180 952 lescat.
213 898 352 968 corrupta
366 889 403 949 ad
417 889 514 949 scelus
528 889 609 950 Livia
624 889 763 951 Seianum
777 889 870 969 Lygdi
890 909 1009 970 queque
1029 911 1098 972 spa-

54 980 167 1040 odonis
185 981 315 1039 animum
333 985 437 1057 stupro
459 980 602 1056 vinxisse,
623 978 701 1056 qnod
723 981 750 1039 is
770 986 866 1039 aetate
888 986 977 1058 atque
997 981 1098 1042 torma

81 1085 167 1129 carus
182 1068 300 1127 domino
315 1068 451 1145 interque
466 1068 612 1144 primores
626 1069 779 1127 ministros
794 1077 870 1147 erat3
891 1066 999 1128 deinde
1015 1071 1099 1132 inter

81 1158 216 1217 conscios
239 1154 291 1216 uhi
313 1155 396 1215 loeus
420 1155 554 1215 venetieii
577 1162 753 1234 tempusque
777 1156 930 1234 conposita
954 1158 1032 1239 sint,
1061 1177 1098 1220 eo

80 1244 218 1305 audaciae
242 1252 428 1323 prouectum,
447 1250 481 1304 ut
498 1251 629 1304 verteret
648 1251 679 1304 et
697 1243 813 1305 occulto
833 1243 942 1304 indicio
961 1243 1097 1309 Drusum

80 1336 186 1394 veneni
199 1336 230 1394 in
244 1341 360 1412 patrem
373 1351 500 1411 arguens
514 1340 650 1392 moneret
659 1331 821 1412 Tiberium,
835 1324 983 1393 vitandam
997 1338 1097 1412 potio·

41 1439 67 1480 ιο
81 1441 157 1502 nem,
172 1441 246 1501 quae
261 1425 356 1501 prima
371 1424 399 1482 ei
412 1421 490 1501 apud
504 1420 596 1480 filium
611 1419 742 1499 epulanti
751 1421 916 1481 offerretur.
940 1423 1098 1486 cairande

81 1518 199 1591 captum
214 1530 329 1591 senem,
343 1518 499 1589 postquam
513 1511 680 1570 convivium
694 1510 802 1570 inierat
805 1516 988 1589 ,exceptum
1002 1529 1097 1589 pocu-

80 1601 142 1662 lum
152 1600 247 1661 Druso
258 1600 429 1660 tradidisse
421 1606 531 1678 atque
541 1596 608 1657 illo
601 1616 703 1676 rgnaro
714 1605 744 1658 et
757 1597 926 1659 iuveniliter
935 1597 1097 1662 hauriente

80 1699 196 1750 auctam
211 1690 423 1766 suspicionem,
442 1693 592 1764 tamquam
610 1693 672 1746 met
672 1706 693 1747 u
706 1694 737 1747 et
751 1686 865 1765 pudore
878 1687 1024 1748 sibimet
1015 1707 1096 1795 mro·

81 1786 165 1857 garet
178 1785 304 1836 mortem
309 1793 421 1855 ,quam
434 1776 512 1852 patri
527 1783 684 1835 strtmerat

150 1864 199 1926 11.
223 1864 301 1924 Haec
325 1863 411 1941 vulgo
434 1865 540 1923 iactata
564 1882 655 1941 super
681 1863 727 1939 id,
755 1863 832 1942 quod
861 1862 942 1923 nullo
969 1872 1095 1928 auctore

81 1961 162 2014 certo
187 1953 354 2031 firmantur,
377 1960 513 2029 prompte
536 1952 736 2013 refutaveris.
755 1954 822 2031 quis
846 1954 924 2011 enim
948 1953 1095 2016 mediocri

81 2041 248 2120 prudentia,
257 2039 508 2101 nedamrTiberius
519 2042 609 2100 tantis
619 2039 710 2101 rebus
720 2043 878 2119 exercitus,
888 2039 1023 2101 inaudito
1032 2042 1095 2103 filio

82 2131 204 2190 exitium
215 2128 343 2210 offerret,
357 2128 446 2207 idque
461 2146 513 2189 sua
527 2147 616 2190 manu
631 2136 661 2188 et
676 2128 755 2189 nullo
771 2128 806 2188 ad
821 2127 1034 2207 paenitendum
1049 2149 1095 2192 re-

55 2214 208 2298 ogressu?
227 2219 298 2295 quin
312 2219 412 2295 potius
426 2218 595 2278 ministrum
610 2219 716 2278 veneni
731 2218 924 2296 excruciaret,
939 2226 1094 2280 auctorem

82 2308 264 2385 exquireret,
283 2308 371 2367 insita
389 2306 517 2384 denique
537 2307 625 2365 etiarn
639 2308 670 2366 in
684 2315 841 2366 extraneos
859 2307 1049 2367 cunctatione
1063 2315 1095 2369 et
1126 2357 1127 2361 ,

81 2415 163 2456 mora
178 2395 334 2455 adversum
349 2396 469 2455 unicum
484 2402 514 2454 et
527 2393 637 2455 nullius
652 2402 720 2454 ante
730 2395 833 2472 fiagitii
842 2401 1018 2472 conpertum
1028 2401 1132 2459 uta-0

81 2481 186 2546 retur?
209 2483 260 2545 sed
277 2486 348 2563 quia
368 2482 492 2543 Seianus
510 2484 675 2543 facinorum
694 2485 826 2543 omnium
844 2490 980 2560 repertor
1004 2482 1093 2544 hahe-

81 2573 180 2652 batur,
205 2593 240 2633 ex
260 2575 349 2633 nimia
372 2573 494 2632 caritate
517 2573 549 2630 in
572 2589 640 2632 eum
658 2570 792 2632 Caesaris
815 2578 846 2631 et
868 2579 1039 2632 ceterorum
1061 2573 1093 2633 iu

43 2669 243 2738 matrumque
268 2662 335 2720 odio
360 2662 492 2739 quamvis
515 2659 647 2720 fabulosa
670 2667 701 2720 et
723 2661 860 2720 immania
884 2659 1093 2739 credebantur,

82 2751 228 2808 atrociore
243 2766 361 2828 semper
379 2750 456 2809 fama
474 2767 544 2826 erga
562 2748 777 2808 dominantium
796 2750 901 2809 exitus.
929 2747 1002 2808 ordo
1022 2746 1092 2808 alio·

82 2839 133 2915 qui
147 2835 269 2896 sceleris
283 2855 337 2914 per
351 2838 503 2916 Apicatam
518 2837 617 2897 Seiani
630 2835 779 2916 proditus,
795 2837 952 2897 tormentis
966 2834 1093 2896 Eudemi

82 2944 115 2985 ac
135 2923 227 3004 Lygdi
245 2925 409 3002 patefactus
428 2933 482 2985 est.
519 2943 615 3002 neque
637 2926 793 3004 quisquam
818 2927 947 3003 scriptor
970 2931 1031 2985 tam
1049 2925 1093 2985 in·

83 3014 184 3074 tensus
199 3014 309 3092 extitit,
328 3023 361 3072 ut
375 3012 494 3073 Tiberio
509 3013 685 3092 obiectaret,
705 3031 774 3073 cum
789 3015 887 3074 omnia
901 3013 957 3073 alia
972 3014 1093 3092 conqui-

56 3110 184 3163 orerent
207 3101 462 3180 intenderentque.
495 3101 568 3162 mihi
586 3101 722 3161 tradendi
745 3102 945 3181 arguendique
965 3103 1094 3162 rumoris

154 3255 199 3321 10,
221 3261 235 3308 1
254 3252 447 3320 maximaeque
465 3251 531 3306 fidei
549 3253 652 3309 Ritter:
676 3252 814 3307 maximae
835 3269 870 3308 ue
896 3252 977 3308 fideis
996 3251 1095 3322 (mafi-

83 3341 182 3393 meque
201 3324 264 3378 fidia
283 3326 331 3392 ct.)
352 3327 356 3392 Ι
376 3329 392 3378 5
411 3324 435 3376 ia
461 3325 553 3377 aetate
572 3324 697 3378 Ernesti:
722 3324 746 3376 ia
765 3270 867 3392 lygdos
886 3325 999 3392 aetate!
1017 3329 1051 3378 10
1070 3322 1097 3378 ei
1182 3346 1184 3351 ·

84 3397 247 3451 Rhenanus:
267 3397 296 3449 et
320 3400 324 3463 Ι
351 3401 382 3449 11
403 3395 516 3463 captum
536 3395 664 3450 Morou-0
706 3411 756 3432 ’Ἥ
778 3396 848 3448 (ium
866 3395 1029 3463 Beroaldus,
1048 3393 1096 3449 de·

85 3468 196 3536 ceptum
215 3467 361 3534 Heinsius)
