2392 3876
113 187 133 251 6
463 185 631 240 CORNELII
648 183 767 241 TAclrl

112 352 170 415 que
180 352 196 394 a
205 333 334 414 Tiberio,
350 351 421 395 num
436 351 468 394 se
482 334 639 395 mandante
654 351 717 395 eam
733 338 910 397 sententiam
918 339 1123 417 prompsisset,

111 430 217 502 sponte
231 422 342 483 dixisse
356 422 520 502 respondit,
535 431 631 501 neque
645 425 727 482 iniis
742 441 817 502 quae
835 424 872 484 ad
890 442 954 484 rem
973 425 1123 503 publicam

110 514 296 590 pertinerent
310 511 434 572 consilio
449 512 508 570 nisi
522 528 576 571 suo
590 528 725 590 usurum,
741 511 788 571 vel
801 530 869 572 cum
884 512 1017 591 periculo
1032 515 1123 574 olien-

112 602 219 660 sionis:
242 618 276 660 ea
296 599 357 660 sola
376 601 491 678 species
510 598 648 660 adulandi
671 609 834 677 supererat
867 600 1051 662 conclamant
1073 620 1124 680 pa·

72 700 98 742 ao
112 696 173 748 tres
188 705 297 767 corpus
316 688 352 748 ad
371 705 476 765 rogum
495 689 607 748 umeris
626 696 796 748 senatorum
814 689 978 749 ferendum.
1006 693 1125 751 remisit

111 776 219 837 Caesar
230 776 384 854 adroganti
393 776 603 856 moderatione,
618 775 820 855 populumque
834 777 932 837 edicto
946 781 1062 838 monuit
1076 797 1125 859 ne,

111 872 145 925 ut
159 864 307 943 qrrondam
321 866 421 924 nimiis
435 864 543 924 studiis
557 865 647 924 lunus
661 865 722 925 divi
735 864 803 924 lulii
816 865 996 946 turbassent,
1010 869 1051 927 ita
1065 867 1125 926 Au·

111 960 231 1030 gustum
245 955 277 1012 in
292 953 355 1012 loro
370 955 470 1030 potius
484 970 572 1031 quam
586 955 617 1012 in
632 969 736 1030 campo
750 953 861 1034 Martis,
882 953 952 1013 sede
967 954 1125 1035 destinata,

112 1043 238 1101 cremari
256 1040 373 1101 vellent.
405 1041 453 1101 die
472 1041 586 1101 funeris
609 1039 718 1101 milites
736 1040 817 1102 velut
835 1042 982 1121 praesidio
1002 1050 1126 1125 stetere,

72 1141 96 1181 2⁵
111 1129 238 1189 multum
251 1128 451 1189 inridentibus
466 1132 518 1208 qui
531 1132 590 1207 ipsi
602 1129 736 1189 viderant
745 1132 856 1209 quique
866 1148 882 1191 a
892 1129 1067 1208 parentibus
1077 1150 1125 1192 ac-

111 1225 253 1296 ceperant
271 1219 349 1278 diem
368 1216 451 1277 illum
470 1218 555 1278 crudi
575 1218 672 1278 adhuc
686 1220 800 1278 servitii
814 1226 845 1278 et
862 1218 1008 1279 libertatis
1023 1221 1125 1298 inpro-

111 1323 198 1383 spere
212 1308 369 1385 repetitae,
390 1323 458 1366 cum
477 1307 594 1366 occisus
609 1307 736 1367 dictator
750 1306 858 1367 Caesar
871 1307 936 1367 aliis
950 1310 1125 1389 pessimum,

111 1393 176 1454 aliis
189 1393 423 1473 pulcherrimum
438 1394 553 1455 lacinus
569 1394 732 1455 videretur:
746 1413 826 1455 nunc
836 1413 937 1456 senem
946 1398 1125 1479 principem,

111 1481 197 1560 longa
211 1485 353 1562 potentia,
371 1485 498 1561 provisis
513 1485 602 1544 etiam
616 1482 760 1544 heredum
773 1486 805 1544 in
819 1501 883 1544 rem
896 1483 1047 1562 publicam
1061 1488 1125 1564 opi-

70 1583 98 1624 tt
111 1571 176 1651 bus,
187 1572 295 1631 auxilio
305 1571 420 1632 scilicet
428 1571 550 1632 militari
564 1572 716 1650 tuendum,
733 1579 767 1632 ut
783 1571 936 1651 sepultura
946 1574 1011 1632 eius
1022 1575 1126 1652 quieta

110 1659 196 1720 loret.
337 1737 339 1740 y

177 1745 207 1808 9.
226 1747 337 1808 Multus
359 1747 429 1808 binc
452 1750 517 1825 ipso
537 1746 574 1807 de
592 1749 726 1826 Augusto
745 1764 856 1828 sermo,
879 1747 1030 1826 plerisque
1049 1766 1126 1810 vana

110 1835 296 1914 mirantibus,
312 1835 391 1914 quod
405 1835 483 1896 idem
498 1837 562 1896 dies
572 1839 687 1914 accepti
696 1834 844 1914 quondam
854 1837 972 1914 imperii
981 1838 1126 1914 princeps

111 1932 141 1984 et
159 1926 235 1983 vitae
255 1941 426 2003 supremus,
448 1924 527 2002 quod
541 1923 631 1984 Nolae
649 1926 681 1983 in
700 1923 786 1984 domo
806 1930 837 1983 et
856 1922 993 1985 cubiculo
1012 1927 1043 1983 in
1064 1943 1125 2003 quo

110 2019 195 2090 pater
209 2013 274 2072 eius
288 2007 430 2073 Octavius
444 2014 533 2072 vitam
547 2013 699 2073 linivisset.
727 2028 870 2072 numerus
885 2015 974 2073 etiam
988 2012 1126 2073 consula·

86 2114 98 2152 ⁵
110 2108 196 2160 tuum
210 2098 424 2180 celebrabatur,
439 2118 499 2179 quo
509 2099 657 2161 Valerium
667 2100 794 2161 Corvum
809 2107 839 2161 et
852 2099 883 2160 C.
894 2099 1018 2161 Marium
1034 2102 1126 2162 simul

110 2195 295 2268 aequaverat,
309 2191 479 2249 continuata
493 2207 547 2268 per
562 2197 674 2268 septem
690 2195 720 2249 et
729 2190 851 2266 triginta
860 2206 952 2248 annos
962 2187 1127 2250 tribunicia

109 2284 250 2357 potestas,
271 2295 380 2337 nomen
393 2280 572 2355 inperatoris
586 2275 679 2338 semel
692 2285 781 2356 atque
795 2279 908 2338 viciens
921 2285 1039 2355 partum
1055 2277 1126 2337 alia·

110 2383 168 2443 que
183 2364 330 2426 bonorum
343 2364 537 2444 multiplicata
556 2375 607 2427 aut
625 2383 708 2426 nova.
737 2373 766 2427 at
784 2365 863 2444 apud
881 2366 1045 2443 prudentes
1063 2368 1126 2426 vita

110 2455 175 2514 eius
190 2455 269 2514 varie
284 2453 480 2514 extollebatur
494 2455 718 2532 arguebaturye.
751 2453 783 2514 bi
803 2457 912 2532 pietate
927 2471 997 2531 erga
1017 2471 1125 2531 paren·

70 2555 97 2596 ro
110 2550 171 2602 tem
185 2550 216 2603 et
228 2542 450 2602 necessitudine
464 2544 510 2602 rei
523 2543 668 2624 publicae,
686 2546 718 2603 in
732 2560 790 2621 qua
805 2541 904 2601 nullus
918 2549 991 2603 tunc
1005 2541 1126 2618 legibus

110 2630 203 2711 locus,
222 2630 259 2690 ad
273 2648 354 2690 arma
368 2630 464 2691 civilia
483 2639 592 2712 actum,
611 2650 686 2711 quae
711 2647 808 2709 neque
822 2633 921 2708 parari
934 2638 1057 2707 possent
1072 2649 1125 2690 ne·

110 2737 169 2798 que
183 2718 285 2779 baberi
299 2737 354 2797 per
372 2718 464 2780 bonas
479 2727 566 2780 artes.
594 2720 687 2781 multa
700 2720 842 2798 Antonio,
862 2717 931 2778 dum
951 2718 1125 2778 interiecto-

110 2825 160 2867 res
174 2809 267 2886 patris
282 2806 487 2885 ulcisceretur,
505 2806 597 2868 multa
611 2807 723 2886 Lepido
743 2809 936 2868 concessisse,
963 2815 1125 2885 postquam

110 2895 159 2956 bic
175 2895 309 2955 socordia
324 2899 465 2976 senuerit,
480 2896 529 2956 ille
543 2914 598 2974 per
611 2896 749 2957 libidines
763 2913 885 2973 pessum
898 2895 985 2955 datus
999 2898 1047 2974 sit,
1062 2913 1126 2956 non

71 2994 97 3036 1⁶
111 2983 191 3045 aliud
210 2982 407 3044 discordantis
425 2987 538 3061 patriae
557 2985 722 3045 remedium
741 2984 833 3043 luisse
852 3000 941 3061 quam
958 2991 993 3043 ut
1010 2983 1047 3042 ab
1061 3001 1125 3044 uno

110 3079 275 3151 regeretur.
304 3089 363 3131 nou
382 3090 473 3150 regno
493 3081 591 3133 tamen
610 3090 708 3153 neque
727 3071 887 3149 dictatura,
906 3071 958 3130 sed
977 3073 1127 3149 principis

110 3163 229 3221 nomine
244 3161 436 3220 constitutam
449 3179 514 3222 rem
527 3160 690 3240 publicam;
705 3161 780 3219 mari
789 3158 906 3220 Oceano
921 3168 972 3218 aut
986 3158 1127 3220 amnibus

110 3248 280 3329 longinquis
299 3257 433 3326 saeptum
451 3250 623 3331 imperium,
642 3249 786 3327 legiones,
804 3248 984 3328 provincias,
1004 3246 1126 3330 classes,

182 3454 208 3521 8,
229 3460 263 3507 26
282 3453 445 3524 inprospere
464 3455 602 3522 repetitae
621 3451 749 3519 Lipsius:
771 3452 802 3505 in
824 3468 959 3522 prospere
975 3451 1098 3521 repetita
1120 3455 1125 3527 Ι

110 3525 137 3591 9,
157 3530 191 3578 12
210 3524 277 3578 dum
297 3526 439 3582 Muretus:
458 3525 525 3579 bunc
549 3526 624 3594 (eum
642 3521 748 3590 Haase)
769 3526 773 3590 Ι
797 3529 829 3577 15
848 3524 881 3576 ul·
898 3524 962 3577 odd.
982 3522 1128 3580 Ferreolus
