2392 3876
124 185 189 250 232
383 194 384 198 ’
473 183 642 239 contium
659 181 778 238 Tuom

123 343 214 395 tatem
232 343 364 394 nostram
382 333 514 395 volentes
532 342 726 394 accesserant.
760 333 866 411 hisque
884 333 1065 395 auctoribus
1084 337 1141 396 cir·

123 425 286 484 cumiectae
300 425 434 483 nationes
453 422 550 483 locum
568 440 684 501 pugnae
702 421 851 501 delegere,
870 428 1007 500 saeptum
1026 427 1143 502 agresti

124 529 230 591 aggere
249 519 279 572 et
297 512 378 571 aditu
398 518 535 590 angusto,
559 528 596 570 ne
613 513 734 589 pervius
753 512 846 588 equiti
864 510 947 570 loret.
987 529 1022 570 ea
1042 515 1142 572 muni-

123 609 222 662 menta
241 600 300 661 dux
319 599 481 680 Romanus,
506 617 682 678 quamquam
706 601 770 659 sine
792 598 899 659 robore
918 598 1075 677 legionum
1096 619 1142 660 soe

84 706 109 746 15
124 689 214 750 ciales
233 690 333 767 copias
351 687 490 767 ducebat,
512 705 707 766 perrumpere
726 687 897 765 adgreditur
916 694 946 746 et
965 688 1142 750 distributis

80 817 87 831 ·
124 778 296 838 cohortibus
314 784 428 837 turmas
446 793 564 854 quoque
583 774 716 854 peditum
734 777 770 836 ad
785 777 884 836 munia
898 777 1037 854 accingit.
1066 785 1142 838 tunc

124 867 191 926 dato
211 868 294 943 signo
313 863 502 942 perfringunt
520 881 657 941 aggerem
676 866 798 943 suisque
817 863 954 924 claustris
974 865 1141 943 impeditos

123 954 252 1016 turbant.
277 961 365 1030 atque
375 951 418 1011 illi
428 954 609 1012 conscientia
623 950 793 1012 rebellionis
808 959 838 1013 et
851 951 1001 1030 obsaeptis
1015 953 1151 1034 effugiis-

123 1041 215 1102 multa
239 1049 269 1101 et
291 1039 370 1100 clara
392 1040 523 1101 facinora
545 1040 656 1120 fecere,
680 1059 737 1119 qua
761 1059 860 1119 pugna
882 1040 960 1101 lilius
984 1040 1079 1120 legati
1102 1043 1141 1103 bl.

83 1146 110 1187 so
124 1129 261 1191 Ostorius
275 1131 384 1190 servati
398 1130 471 1190 civis
486 1130 577 1190 decus
591 1131 708 1189 meruit.

189 1215 241 1279 32.
261 1217 399 1278 Ceterum
417 1217 500 1278 clade
518 1216 674 1279 leenorum
690 1220 850 1297 ‘compositi
864 1220 916 1298 qni
929 1217 1043 1278 bellum
1057 1222 1142 1280 inter

123 1315 154 1368 et
171 1325 274 1386 pacem
293 1305 479 1387 dubitabant,
508 1314 538 1367 et
564 1306 672 1367 ductus
689 1306 872 1384 indeangos
891 1308 1051 1367 exercitus
1091 1327 1142 1369 va·

124 1399 193 1458 stati
212 1397 287 1476 agri,
305 1396 432 1474 praedae
451 1398 561 1474 passim
580 1404 675 1475 actae,
699 1413 758 1456 non
777 1397 857 1455 ausis
876 1397 968 1456 aciem
987 1393 1142 1477 hostibus,

124 1485 171 1545 vel
194 1487 220 1545 si
243 1503 279 1545 ex
301 1484 418 1545 occulto
442 1501 564 1564 carpere
587 1501 692 1562 agmen
714 1490 906 1564 temptarent,
928 1485 1034 1562 punito
1060 1484 1142 1546 dolo.

97 1577 240 1652 siamque
261 1580 380 1633 ventum
399 1572 477 1634 haud
495 1572 601 1652 procul
618 1575 705 1654 mari,
724 1573 802 1651 quod
816 1571 988 1633 Hiberniam
1006 1572 1142 1634 insulam

125 1669 268 1742 aspectat,
287 1680 356 1722 cum
375 1669 456 1722 ortae
476 1661 552 1740 apud
567 1661 721 1739 Brigantas
736 1661 901 1721 discordiae
915 1668 1070 1721 retraxere
1083 1661 1142 1723 ‘du-

125 1769 202 1831 cem,
221 1751 427 1810 destinationis
445 1758 573 1830 certum,
591 1768 629 1809 ne
649 1768 723 1810 nova
741 1748 897 1809 moliretur
910 1749 969 1809 nisi
981 1750 1142 1827 prioribus

124 1840 256 1900 firmatis.
293 1845 323 1898 et
341 1837 495 1916 Brigantes
514 1838 647 1917 quidem,
667 1840 769 1916 paucis
788 1840 841 1917 qui
859 1856 939 1898 arma
957 1838 1142 1916 coeptabant

124 1928 303 2006 interiectis,
326 1929 358 1986 in
376 1925 507 2004 reliquos
526 1927 592 1986 data
611 1929 707 2005 venia,
731 1926 882 1987 resedere:
906 1925 1038 1986 Silurum
1063 1946 1141 2007 gens

85 2031 110 2070 ιο
125 2034 185 2076 non
204 2017 371 2093 atrocitate,
388 2032 449 2074 non
468 2013 623 2074 clementia
637 2015 820 2095 mutabatur,
840 2017 912 2093 quin
925 2013 1037 2074 bellum
1052 2033 1141 2076 exer·

124 2110 206 2163 ceret
220 2104 384 2180 castrisque
398 2101 547 2180 legionum
560 2103 721 2180 premenda
736 2103 820 2163 loret.
848 2102 878 2163 id
893 2120 952 2181 quo
966 2106 1141 2182 promptius

123 2193 251 2269 veniret,
270 2189 384 2250 colonia
398 2189 633 2250 Camulodunum
651 2190 745 2250 valida
759 2199 966 2251 veteranorum
981 2209 1072 2252 manu
1088 2194 1140 2254 de-

124 2281 244 2340 ducitur
257 2281 288 2338 in
302 2296 389 2357 agros
403 2281 547 2359 captivos,
567 2278 733 2340 subsidium
747 2279 889 2340 adversus
904 2278 1030 2340 rebelles
1046 2290 1078 2341 et
1093 2285 1138 2341 in-

123 2368 250 2428 buendis
265 2369 354 2427 sociis
368 2366 404 2428 ad
419 2367 514 2428 officia
529 2367 635 2446 legum.

190 2453 241 2518 33.
264 2455 341 2518 ltum
360 2456 428 2517 inde
447 2458 479 2517 in
498 2455 624 2537 Siluras,
644 2475 734 2535 super
752 2459 902 2535 propriam
922 2457 1063 2518 ferociam
1083 2459 1138 2520 Ca·

123 2549 216 2608 rataci
229 2544 342 2607 viribus
357 2545 497 2625 confisos,
512 2564 601 2624 quem
614 2545 705 2606 multa
720 2543 869 2626 ambigua,
883 2545 975 2607 multa
990 2562 1139 2625 prospera

124 2635 303 2715 extulerant,
317 2642 352 2696 nt
365 2642 481 2696 ceteros
494 2634 704 2695 Britannorum
718 2636 912 2712 imperatores
925 2636 1148 2714 praemineret(

124 2723 175 2783 sed
198 2731 262 2784 tum
286 2732 352 2783 astu
375 2723 508 2785 locorum
535 2723 638 2784 fraude
665 2725 761 2801 prior,
789 2724 819 2782 vi
846 2721 973 2784 militum
1000 2722 1138 2804 inferior,

97 2825 110 2865 s
124 2811 267 2871 transfert
280 2811 390 2871 bellum
405 2815 435 2872 in
450 2811 624 2892 Ordovices,
638 2811 803 2889 additisque
818 2813 870 2889 qui
883 2829 986 2890 pacem
1000 2820 1137 2872 nostram

124 2898 303 2978 metuebant,
318 2902 510 2960 novissimum
525 2917 626 2960 casum
636 2902 796 2979 experitur,
812 2908 930 2978 sumpto
941 2901 975 2960 ad
986 2899 1137 2978 proelium

124 2988 201 3067 loco,
220 2993 255 3046 ut
273 2987 384 3066 aditus,
398 2986 567 3068 abscessus,
582 2996 688 3048 cuncta
703 2986 788 3048 nobis
802 2990 962 3068 inportuna
981 2997 1011 3048 et
1025 2990 1089 3049 suis
1103 2991 1137 3049 in

123 3076 230 3137 melius
244 3082 356 3156 essent,
375 3075 445 3135 hinc
458 3075 608 3136 montibus
623 3075 737 3156 arduis,
756 3084 787 3136 et
800 3079 825 3137 si
840 3095 897 3155 qua
911 3077 1074 3138 clementer
1088 3095 1137 3138 ac·

195 3176 241 3242 32,
266 3181 282 3230 2
308 3174 339 3228 in
361 3173 488 3244 Geengos
512 3174 666 3230 Andresert:
694 3174 760 3228 inde
788 3191 893 3245 cangos
921 3175 963 3245 (in
986 3174 1138 3244 Decangos

123 3248 343 3316 Bezzenberper);
359 3247 393 3311 ef.
409 3244 439 3300 0.
452 3245 542 3300 Iocor.
556 3245 621 3300 Lat.
641 3245 713 3311 VII,
726 3263 753 3300 o.
769 3249 901 3316 1204oqq.
918 3248 922 3314 Ι
938 3251 955 3300 8
969 3247 1138 3316 coepterent

124 3318 271 3374 Acidaliae
286 3318 291 3388 Ι
307 3324 323 3373 9
337 3315 459 3371 Silurum
469 3315 632 3370 Rhenanus:
647 3315 783 3369 siluarum
798 3320 802 3384 Ι
820 3323 852 3372 12
863 3317 988 3371 eveniret
998 3317 1138 3386 Pluygers

127 3389 241 3473 ymanus
251 3388 380 3444 Faernus
392 3388 395 3460 l
407 3387 452 3455 33,
463 3393 479 3441 2
489 3385 600 3440 confisis
613 3386 617 3457 l
628 3387 745 3511 ipsein]
755 3387 859 3454 Haase,
873 3386 1013 3458 [locorum
1021 3385 1137 3460 fraude]

124 3459 223 3525 Retter,
238 3458 362 3530 [frande]
375 3475 425 3514 nos
438 3459 574 3528 quondam
590 3461 595 3527 ι
611 3463 627 3512 5
666 3457 794 3512 rdomeas
812 3455 971 3514 ”benacum
986 3455 1137 3513 ordolucas

125 3531 129 3602 l
147 3536 163 3585 8
182 3529 247 3583 hinc
265 3546 328 3586 nos:
347 3533 414 3584 tunc
432 3528 536 3596 (cincto
554 3528 756 3584 Berconum*
