2392 3876
149 169 215 233 262
499 164 671 220 CORNELII
688 163 808 221 TAOITI

151 336 186 377 cx
205 315 320 376 libertis
339 314 444 376 arbitri
462 317 616 375 sermonis,
649 313 755 375 deinde
769 332 786 375 a
799 312 910 394 Bnrro,
930 322 1101 396 postquam
1121 318 1169 378 cri·

124 408 229 465 smina
249 413 279 465 et
297 413 434 466 auctores
453 405 601 483 exposuit,
620 405 776 464 minaciter
793 409 893 464 actum
913 411 971 464 est.
1010 405 1169 486 Agrippina

151 495 278 555 ferociae
295 512 406 554 memor
422 488 492 552 ‘non
507 486 610 552 miror’
626 493 723 570 inquit
737 487 890 572 ‘Silanam,
904 509 1082 572 numquam
1097 495 1169 556 edito

151 592 251 663 partu,
271 591 397 643 matrum
413 581 546 642 adlectus
559 583 676 659 ignotos
690 579 813 661 habere3
830 597 930 659 neque
945 584 1033 642 enim
1048 583 1169 662 perinde

151 690 167 732 a
182 671 355 751 parentibus
369 670 456 730 liberi
470 687 558 748 quam
571 668 608 730 ab
622 669 761 748 inpudica
775 668 902 729 adulteri
914 677 1093 734 mutantur.
1121 690 1168 734 nec

151 764 178 821 si
196 761 306 821 lturius
326 767 356 819 et
373 757 517 818 Calvisius
539 757 637 819 adesis
660 756 797 818 omnibns
819 758 949 819 fortunis
974 762 1166 822 novissimam

112 866 137 905 ιο
152 848 357 926 suscipiendae
375 847 572 907 accusationis
591 864 710 926 operam
729 849 799 908 anui
820 845 1009 930 rependunt,
1033 846 1108 911 idco
1126 857 1167 912 aut

151 938 224 997 mibi
238 936 355 996 iniamia
370 934 523 1013 parricidii
537 943 587 996 aut
601 935 720 996 Caesari
733 937 914 996 conscientia
931 935 1103 1001 subeunda
1123 946 1166 1000 est.

151 1043 219 1085 nam
234 1024 377 1084 Domitiae
396 1025 560 1085 inimicitiis
574 1026 683 1102 gratias
697 1041 828 1106 agerem,
843 1025 869 1085 si
883 1022 1104 1089 benevolentia
1117 1045 1166 1088 mc

151 1131 220 1173 curn
233 1115 264 1172 in
279 1111 427 1173 Neronem
441 1130 540 1173 meum
558 1120 699 1174 certaret:
717 1130 797 1174 nnnc
815 1130 869 1192 per
887 1113 1102 1178 concubinum
1116 1115 1167 1178 tti-

151 1209 262 1262 metum
286 1210 317 1262 et
339 1202 515 1263 histrionem
533 1200 667 1262 Paridem
692 1204 776 1281 quasi
799 1218 922 1263 scaenae
945 1201 1073 1266 fabulas
1098 1223 1166 1267 com·

112 1306 137 1347 15
151 1294 243 1370 ponit.
279 1289 417 1352 Baiarum
435 1308 556 1352 suarum
575 1292 704 1370 piscinas
722 1289 891 1370 extollebat,
911 1307 983 1351 cum
1003 1295 1086 1356 meis
1107 1311 1166 1356 con-

151 1381 225 1442 siliis
241 1379 357 1458 adoptio
372 1388 402 1441 et
416 1379 626 1458 proconsulare
644 1381 693 1440 ius
711 1386 742 1440 et
759 1378 922 1458 designatio
940 1381 1126 1445 consulatus
1144 1390 1167 1442 et

152 1480 251 1531 cetera
269 1469 427 1548 apiscendo
451 1470 575 1547 imperio
598 1477 854 1547 praepararentur.
891 1474 943 1528 aut
966 1471 1101 1532 exsistat
1122 1471 1167 1551 qui

152 1560 290 1620 cobortes
308 1561 340 1618 in
363 1557 437 1618 urbe
461 1564 630 1636 temptatas,
654 1559 706 1636 qui
728 1558 948 1635 provinciarum
972 1557 1070 1620 fidem
1094 1559 1165 1621 lebe-

153 1648 301 1728 lactatam,
329 1646 456 1725 denique
485 1664 585 1706 servos
609 1645 655 1706 vel
678 1645 801 1706 libertos
824 1645 860 1706 ad
883 1643 983 1705 scelus
1006 1656 1167 1729 corruptos

112 1753 138 1791 no
152 1744 263 1816 arguat.
298 1737 394 1795 vivere
414 1753 467 1812 ego
486 1734 656 1794 Britannico
675 1735 807 1812 potiente
826 1751 928 1794 rerum
945 1734 1112 1812 poteram?
1138 1755 1167 1797 ac

153 1828 179 1886 si
189 1825 310 1885 Plautus
320 1831 371 1884 aut
380 1825 447 1902 quis
462 1822 536 1884 alius
550 1840 614 1883 rem
628 1822 776 1901 publicam
790 1821 977 1883 iudicaturus
991 1821 1166 1905 obtinuerit,

153 1916 260 1975 desunt
279 1912 392 1972 scilicet
411 1912 484 1972 mibi
502 1919 702 1991 accusatores,
722 1913 774 1991 qui
792 1928 851 1971 non
869 1908 959 1971 verba
979 1912 1167 1992 impatientia

153 2004 284 2062 caritatis
299 1999 455 2078 aliquando
474 2000 605 2078 incauta,
625 1999 677 2060 sed
696 2018 730 2060 ea
749 2000 872 2059 crimina
891 1997 1037 2082 obiciant,
1059 2002 1166 2082 quibus

152 2091 210 2148 nisi
225 2107 240 2147 a
254 2089 314 2147 filio
329 2087 439 2147 absolvi
453 2105 512 2147 non
527 2083 659 2164 possim?
688 2089 842 2149 commotis
863 2088 914 2167 qui
932 2085 1062 2172 aderant
1076 2092 1166 2154 ultro·

113 2192 138 2234 25
154 2196 210 2256 que
226 2177 349 2254 spiritus
363 2177 427 2235 eius
441 2175 658 2256 mitigantibus,
677 2177 866 2256 conloquium
880 2175 934 2236 lilii
948 2182 1104 2263 exposcit,
1119 2181 1168 2242 ubi

152 2264 226 2326 nihil
244 2282 298 2342 pro
317 2265 498 2346 innocentia,
522 2268 607 2344 quasi
630 2264 790 2347 dililderet,
813 2282 870 2326 nec
888 2264 1059 2348 beneficiis,
1085 2270 1169 2350 quasi

153 2353 359 2434 exprobraret,
379 2352 532 2435 disseruit,
552 2354 605 2415 sed
623 2353 767 2415 ultionem
780 2355 812 2414 in
826 2353 973 2414 delatores
988 2362 1018 2416 et
1033 2361 1169 2434 praemia

154 2445 255 2505 amicis
270 2442 406 2503 obtinuit.

220 2531 271 2594 22.
286 2532 475 2593 Praefectura
489 2550 620 2593 annonae
635 2533 743 2592 Faenio
758 2530 844 2613 liufo,
859 2548 930 2592 cura
943 2531 1102 2616 ludorum,
1119 2538 1170 2618 qul

154 2642 170 2682 a
184 2623 307 2682 Caesare
322 2620 516 2704 parabantur,
530 2622 669 2682 Arruntio
685 2619 802 2703 Stellae,
815 2621 966 2699 Aegyptus
980 2619 1024 2680 rt.
1040 2620 1169 2686 Balbillo

153 2713 375 2788 permittuntur.
408 2710 494 2771 Suria
511 2711 542 2770 P.
558 2711 662 2771 Anteio
681 2710 839 2789 destinata,
858 2718 904 2770 set
922 2710 1011 2769 variis
1030 2728 1104 2773 mox
1124 2732 1169 2775 ar·

152 2796 233 2857 tibus
248 2798 357 2879 elusus,
372 2799 407 2858 ad
423 2806 605 2876 postremum
619 2800 650 2858 in
665 2797 739 2859 urbe
754 2805 888 2858 retentus
903 2805 955 2859 est.
979 2805 1009 2857 at
1019 2796 1125 2863 Silana
1139 2805 1170 2863 in

127 2900 140 2942 s
154 2883 273 2945 exilium
293 2893 370 2964 acta,
390 2887 533 2946 Calvisius
547 2904 666 2966 quoque
680 2893 711 2946 et
723 2884 835 2947 Iturius
850 2885 1032 2967 relegantur3
1053 2889 1093 2951 de
1107 2891 1169 2953 nct-

154 2981 232 3035 meto
248 2973 425 3051 supplicium
441 2983 604 3056 sumptum,
619 2974 758 3035 validiore
773 2974 850 3053 apud
864 2973 1003 3036 libidines
1016 2977 1169 3060 principis

225 3162 270 3229 21,
286 3167 302 3216 t>
321 3162 365 3216 esi
382 3178 444 3216 noa:
464 3163 493 3216 et
511 3163 552 3232 (et
565 3163 615 3218 del.
629 3163 789 3232 Rhotanos)
807 3165 811 3233 Ι
828 3169 842 3217 t
857 3161 983 3233 proinde,
1002 3179 1051 3220 em.
1067 3165 1169 3223 Puteo·

154 3236 236 3290 lacco
261 3236 265 3300 Ι
292 3239 324 3288 10
347 3230 526 3302 suscipiende
546 3235 551 3304 l
572 3240 604 3288 13
629 3231 825 3302 concubinam,
854 3251 901 3289 em.
922 3235 1094 3292 Puteolanus
1109 3239 1115 3306 Ι
1132 3244 1166 3293 22

155 3304 273 3360 deerunt
290 3304 423 3360 Heinsius
439 3304 443 3375 Ι
459 3302 629 3375 impotentia
642 3306 788 3362 Acidalins
803 3306 808 3376 1
824 3311 858 3360 26
876 3321 929 3360 nec
947 3303 982 3360 de
1000 3304 1064 3361 ben.
1084 3307 1167 3377 idern

154 3383 184 3431 ot
200 3377 308 3432 violetur
328 3376 362 3430 de
381 3393 414 3430 ec
431 3391 482 3446 pro
500 3378 585 3447 operte
602 3379 722 3447 quodam
738 3377 885 3449 zeugmatis
907 3378 1093 3446 supplendum
1110 3395 1169 3436 ease

153 3445 222 3568 ffb,
238 3452 251 3500 1
271 3446 373 3501 Faenio
394 3447 568 3503 Vertraoiets:
588 3447 665 3503 senio
681 3449 686 3520 Ι
702 3453 718 3502 t
732 3446 764 3496 'li
790 3447 898 3500 Larpm·
916 3445 944 3502 (l.
962 3450 966 3517 Ι
983 3453 998 3502 8
1013 3445 1043 3502 P.
1059 3446 1166 3504 Anteio

181 3516 280 3585 opsloe:
299 3518 414 3589 panteIo
431 3521 435 3588 Ι
452 3520 495 3572 sei·
518 3519 659 3573 Habonius·
679 3519 707 3552 ⁶*
