2392 3876
327 623 635 708 CORNELII
674 625 903 711 unctui

356 777 405 846 llll
427 777 594 849 excussu
615 779 690 850 unu
712 777 867 851 AUGUSTI

530 935 641 992 LIBER
658 937 692 991 Π.

175 1080 203 1146 1.
227 1082 351 1144 Sisenna
374 1081 489 1145 Statilio
514 1082 641 1162 [Tauro]
659 1084 691 1144 L.
711 1083 823 1146 Libone
847 1086 1018 1146 consulibus
1038 1098 1116 1147 mota

107 1170 239 1233 Orientis
257 1189 347 1251 regna
365 1173 594 1253 provinciaeque
609 1171 771 1255 Romanae,
790 1175 875 1234 initio
894 1175 971 1252 apud
991 1175 1116 1235 Parthos

108 1269 186 1343 orto,
201 1263 253 1341 qui
266 1263 393 1340 petitum
407 1260 499 1322 Roma
514 1269 729 1342 acceptumque
743 1280 857 1343 regem,
873 1266 1005 1343 quamvis
1020 1268 1116 1342 gentis

107 1349 329 1430 Arsacidarum,
353 1356 387 1410 ut
405 1358 562 1411 externum
581 1351 824 1430 aspernabantur.
857 1353 883 1411 is
902 1352 959 1412 luit
972 1351 1117 1433 Vonones,

81 1438 196 1498 aobses
215 1438 348 1517 Augusto
372 1438 458 1500 datus
481 1458 498 1499 a
521 1439 654 1500 Phraate.
691 1458 759 1500 nam
777 1439 917 1501 Phraates
940 1459 1118 1520 quamquam

109 1526 273 1605 depulisset
287 1529 437 1589 exercitus
452 1528 603 1608 ducesque
617 1527 778 1611 Romanos,
794 1536 900 1590 cuncta
914 1532 1118 1589 venerantium

108 1616 204 1676 ollicia
231 1615 268 1676 ad
290 1615 457 1701 Augustum
484 1624 614 1677 verterat
642 1625 816 1698 partemque
843 1612 935 1696 prolis
958 1618 1117 1678 firmandae

109 1706 255 1765 amicitiae
273 1702 415 1785 miserat,
427 1703 507 1765 haud
524 1703 648 1784 perinde
667 1708 763 1766 nostri
781 1713 863 1766 metu
883 1725 970 1785 quam
985 1707 1054 1767 fidei
1068 1726 1117 1785 po-

107 1793 257 1873 pularium
272 1792 395 1854 dillisus.

175 1879 204 1942 2.
223 1880 294 1942 Post
311 1881 402 1941 linem
415 1879 549 1940 Phraatis
563 1888 593 1941 et
608 1884 796 1960 sequentium
814 1900 919 1960 regum
934 1883 971 1943 ob
986 1885 1118 1943 internas

108 1970 214 2032 caedes
233 1987 340 2030 venere
354 1971 386 2029 in
401 1968 506 2030 urbem
520 1967 608 2047 legati
623 1987 638 2028 a
652 1969 834 2048 primoribus
848 1970 978 2050 Parthis,
998 1974 1051 2050 qui
1064 1970 1117 2030 Vo-

108 2076 217 2121 nonem
231 2059 467 2119 vetustissimum
476 2056 639 2118 liberorum
649 2060 714 2118 eius
723 2061 862 2119 accirent.
886 2061 1073 2138 magnificum
1088 2061 1117 2119 id

109 2147 167 2208 sibi
188 2146 315 2208 credidit
336 2144 442 2207 Caesar
463 2146 604 2223 auxitque
625 2146 740 2224 opibus.
780 2155 810 2208 et
833 2165 975 2225 accepere
1000 2147 1118 2207 barbari

82 2236 265 2316 alaetantes,
285 2242 319 2296 ut
337 2235 431 2295 ferme
450 2234 485 2294 ad
505 2252 579 2295 nova
597 2236 729 2312 imperia.
758 2253 825 2295 mon
845 2235 936 2295 subiit
954 2236 1050 2314 pudor
1070 2237 1117 2295 de-

109 2327 296 2404 generavisse
314 2322 452 2384 Parthos:
476 2325 602 2402 petitum
625 2321 682 2383 alic
701 2341 737 2382 ex
756 2322 827 2383 orbe
851 2341 965 2403 regem,
988 2323 1117 2383 hostium

109 2412 224 2474 artibus
242 2412 398 2493 inlectum3
417 2414 475 2472 iam
493 2413 572 2472 inter
589 2413 757 2490 provincias
775 2410 921 2471 Romanas
940 2409 1047 2470 solium
1065 2413 1117 2471 Ar-

109 2503 276 2563 sacidarum
299 2500 402 2562 haberi
425 2501 556 2580 darique.
594 2499 646 2562 ubi
668 2499 747 2560 illam
766 2498 888 2579 gloriam
907 2500 1119 2559 trucidantium

110 2590 262 2670 Crassum,
286 2588 508 2650 exturbantium
527 2590 701 2669 Antonium,
726 2591 752 2649 si
774 2590 954 2667 mancipium
977 2587 1118 2668 Caesaris,

69 2687 330 2758 1ototperanuos
349 2680 523 2738 servitutem
540 2696 730 2758 perpessum,
744 2676 861 2738 Parthis
881 2675 1052 2756 imperitet?
1073 2697 1118 2738 ac-

110 2767 255 2829 cendebat
273 2767 466 2845 dedignantes
485 2776 514 2827 et
533 2768 597 2845 ipse
617 2767 752 2827 diversus
771 2785 787 2826 a
807 2768 952 2826 maiorum
967 2769 1120 2845 institutis,

109 2874 178 2916 raro
197 2863 318 2936 venatu,
338 2857 422 2933 segni
440 2873 585 2934 equorum
604 2873 688 2936 cura3
707 2857 845 2934 quotiens
864 2873 918 2932 per
937 2853 1027 2914 urbes
1042 2857 1120 2913 ince-

110 2945 209 3025 deret,
227 2943 350 3004 lecticae
370 2946 532 3021 gestamine
551 2944 688 3022 fastuque
704 2961 773 3021 erga
787 2945 898 3021 patrias
913 2941 1022 3020 epulas.
1050 2945 1120 3001 inri-

111 3031 257 3094 debantur
281 3040 311 3092 et
334 3030 439 3092 Graeci
462 3035 585 3092 comites
609 3050 642 3091 ac
666 3031 806 3091 vilissima
833 3031 1006 3091 utensilium
1034 3030 1120 3089 anulo

72 3136 97 3178 ιε
111 3121 219 3182 clausa.
252 3120 304 3181 sed
323 3122 454 3198 prompti
472 3120 583 3200 aditus,
607 3119 691 3178 obvia
710 3121 847 3198 comitas,
870 3121 987 3196 ignotae
1005 3118 1121 3178 Parthis

111 3212 251 3290 virtutes,
266 3226 340 3269 nova
354 3210 436 3288 vitia3
456 3217 486 3268 et
500 3209 567 3286 quia
583 3210 716 3286 ipsorum
730 3207 862 3267 moribus
877 3206 983 3287 aliena,
998 3208 1121 3286 p'erinde

111 3299 213 3359 odium
226 3299 326 3377 pravis
341 3303 370 3356 et
384 3296 525 3357 honestis.

183 3449 211 3519 1,
233 3456 247 3504 1
269 3449 384 3522 [Tauro]
404 3449 495 3506 Ritter
510 3450 515 3518 Ι
531 3449 558 3517 2,
578 3453 611 3503 16
629 3447 754 3502 moribus
774 3446 913 3503 Muretus:
931 3446 1084 3502 maioribus
