2392 3876
272 206 319 260 AB
338 207 501 262 EXCESSU
520 205 674 263 AUGUSTI
693 209 738 262 XI.
758 215 871 264 23-25.
1015 209 1077 272 211

72 355 302 417 Atheniensibus
326 355 395 436 luit,
424 375 601 436 quamquam
625 359 714 417 armis
737 356 896 437 pollerent,
919 359 977 418 nisi
1001 357 1078 436 quod
1132 386 1138 392 ·

73 447 166 504 victos
179 463 233 523 pro
254 444 426 524 alienigenis
445 442 607 505 arcebant?
626 453 655 505 at
673 445 809 506 conditor
827 447 923 506 nostri
936 445 1080 505 Romulus

74 540 187 594 tautum
213 535 356 612 sapientia
381 532 484 614 valuit,
512 540 545 594 ut
572 533 730 612 plerosque
757 532 883 613 populos
906 534 1008 594 eodem
1033 534 1080 593 die
1096 550 1120 590 ro

72 621 186 702 hostes,
210 621 277 683 dein
302 624 381 682 cives
403 620 549 683 habuerit.
586 622 714 682 advenae
738 624 768 683 in
792 639 846 682 nos
869 629 1080 700 regnaverunt:

72 709 280 771 libertinorum
295 709 362 770 filiis
376 713 566 789 magistratus
581 710 719 770 mandare
735 728 806 791 non,
825 718 859 770 ut
877 710 1012 789 plerique
1032 709 1081 770 fal-

72 799 188 881 luntur,
203 817 325 878 repens,
345 798 396 859 sed
411 801 506 877 priori
520 799 629 878 populo
645 800 808 860 factitatum
823 806 877 859 est.
905 806 934 859 at
949 816 1017 859 cum
1032 798 1081 859 Se-

72 887 200 948 nonibus
219 889 429 967 pugnavimus:
450 887 564 948 scilicet
578 886 678 948 Vulsci
697 894 727 948 et
740 889 835 966 Aequi
854 905 1014 967 numquam
1034 886 1082 948 ad·

72 994 187 1036 versam
207 975 292 1035 nobis
311 977 404 1035 aciem
418 977 595 1037 instruxere.
623 977 732 1054 captia
747 975 836 1037 Gallis
851 994 966 1037 sumus:
986 976 1037 1038 sed
1053 982 1083 1036 ct
1096 989 1122 1032 25

73 1065 179 1124 Tuscis
194 1063 312 1124 obsides
327 1062 462 1124 dedimus
473 1071 502 1124 et
513 1063 688 1125 Samnitium
698 1065 799 1143 iugum
815 1063 969 1126 sublimus.
992 1083 1026 1125 ac
1041 1071 1082 1125 ta-

74 1170 155 1233 men,
170 1153 197 1212 si
210 1159 318 1213 cuncta
332 1150 409 1211 bella
423 1168 592 1232 recenseas,
606 1151 720 1235 nullum
735 1152 870 1214 breviore
885 1155 979 1233 spatio
995 1171 1083 1232 quam

73 1242 215 1302 adversus
234 1239 332 1300 Gallos
351 1239 532 1301 confectum:
551 1243 692 1302 continua
710 1240 778 1302 inde
797 1259 831 1301 ac
851 1241 906 1302 uda
925 1260 990 1321 pax.
1024 1244 1081 1302 iam

73 1330 207 1391 moribus
230 1328 343 1390 artibus
366 1328 567 1390 adfinitatibus
589 1329 702 1389 nostris
723 1330 808 1389 mixti
831 1347 936 1389 aurum
959 1338 989 1390 et
1012 1347 1083 1408 opes

75 1436 142 1478 suas
161 1419 290 1478 inferant
307 1419 407 1495 potius
425 1435 512 1496 quam
533 1419 660 1495 separati
678 1416 812 1477 habeant.
850 1419 959 1498 omnia,
984 1425 1083 1495 patres
1097 1432 1123 1473 ao

75 1508 250 1585 conscripti,
274 1523 349 1584 quae
368 1523 447 1566 nunc
466 1508 666 1589 vetustissima
690 1505 866 1585 creduntur,
889 1523 962 1565 nova
986 1505 1083 1565 fuere:

74 1594 171 1673 plebei
186 1595 376 1672 magistratus
389 1602 457 1671 post
466 1596 616 1675 patricios,
630 1593 729 1654 Latini
740 1600 808 1671 post
817 1593 957 1675 plebeios,
972 1601 1083 1653 cetera·

75 1702 141 1744 rum
155 1682 255 1742 ltaliae
276 1683 407 1760 gentium
427 1690 494 1761 post
508 1681 637 1744 Latinos.
665 1685 862 1743 inveterascet
880 1682 937 1742 hoc
956 1700 1083 1761 quoque,

75 1780 105 1832 et
120 1771 199 1850 quod
214 1770 302 1830 hodie
318 1770 459 1849 exemplis
473 1779 606 1852 tuemur,
621 1773 699 1832 inter
714 1771 846 1851 exempla
861 1765 937 1831 erit'

141 1856 192 1921 25.
217 1857 387 1920 Orationem
406 1862 549 1941 principis
569 1867 672 1921 secuto
694 1866 813 1938 patrum
837 1858 972 1920 consulto
996 1861 1084 1936 primi

75 1950 168 2010 hedui
187 1955 357 2009 senatorum
375 1950 406 2008 in
425 1948 502 2009 urbe
520 1950 567 2010 ius
587 1949 685 2028 adepti
705 1956 783 2010 sunt.
811 1948 911 2010 datum
926 1947 955 2008 id
972 1947 1084 2007 foederi

75 2041 209 2119 antiquo,
229 2044 258 2097 et
277 2039 346 2116 quia
365 2035 420 2097 soli
438 2036 588 2098 Gallorum
607 2037 801 2098 fraternitatis
819 2055 927 2097 nornen
946 2054 1014 2096 cum
1033 2055 1083 2115 po-

74 2127 144 2205 pulo
158 2126 289 2186 Romano
305 2132 458 2204 usurpant.

141 2215 237 2276 lsdem
259 2212 364 2275 dicbus
385 2216 414 2274 in
438 2232 594 2275 numerum
615 2217 809 2293 patriciorum
832 2214 956 2276 adscivit
977 2213 1110 2274 Caesare

75 2304 309 2364 vetustissimum
328 2320 476 2382 quemque
495 2321 511 2364 e
531 2312 635 2363 senatu
654 2311 704 2365 aut
724 2302 832 2383 quibus
853 2301 926 2364 clari
945 2309 1084 2381 parentes

76 2393 202 2470 fucrant,
217 2393 320 2470 paucis
334 2393 391 2451 iam
406 2391 530 2470 reliquis
546 2391 735 2471 familiarum,
751 2409 824 2470 quas
838 2390 981 2451 Romulus
995 2391 1083 2450 maio-

76 2500 142 2542 rum
157 2488 188 2541 et
200 2479 232 2540 L.
247 2479 358 2540 Brutus
372 2481 521 2539 minorum
535 2481 667 2556 gentium
686 2478 915 2558 appellaverant,
934 2477 1084 2538 exhaustis

76 2571 165 2629 etiam
180 2585 252 2646 quas
267 2567 393 2627 dictator
408 2565 514 2627 Caesar
533 2565 597 2644 lege
612 2566 710 2627 Cassia
730 2574 759 2626 et
777 2567 917 2644 princeps
931 2563 1083 2643 Augustus

76 2656 140 2734 lege
155 2655 260 2715 Saenia
276 2653 443 2734 sublegere;
462 2654 596 2732 laetaque
610 2653 684 2715 haec
697 2656 728 2715 in
743 2652 970 2732 rempublicam
984 2654 1083 2713 munia
1098 2669 1125 2708 1o

76 2743 169 2804 multo
192 2742 298 2819 gaudio
324 2744 456 2802 censoris
475 2740 635 2803 inibantur.
673 2741 800 2803 famosos
817 2740 937 2820 probris
956 2759 1084 2821 quonam
1149 2765 1153 2769 ·

76 2831 162 2893 modo
183 2838 288 2892 senatu
307 2829 467 2909 depelleret
486 2832 603 2912 anxius,
627 2832 729 2891 mitem
754 2837 784 2892 et
807 2847 912 2892 recens
935 2838 1083 2910 repertam

76 2939 164 3002 quam
175 2939 210 2981 ex
221 2921 376 2980 severitate
387 2921 484 2998 prisca
496 2921 640 2980 rationem
654 2919 797 3002 adhibuit,
811 2919 966 3001 monendo,
982 2937 1083 2981 secum

76 3013 203 3091 quisque
227 3008 263 3068 de
287 3026 319 3069 se
342 3007 525 3070 consultaret
546 3016 720 3089 peteretque
744 3011 791 3070 ius
810 3008 938 3070 exuendi
956 3009 1084 3069 ordinis:

76 3099 190 3161 facilem
206 3098 270 3159 eius
284 3099 329 3157 rei
343 3099 465 3158 veniam.
494 3105 523 3158 et
537 3105 632 3158 motos
647 3105 751 3158 senatu
766 3105 981 3176 excusatosque
996 3095 1084 3157 simul
1098 3110 1124 3152 15

75 3190 311 3268 propositurum,
326 3193 359 3246 ut
373 3185 515 3247 iudicium
530 3204 686 3247 censorum
702 3205 735 3247 ac
749 3186 846 3265 pudor
860 3192 964 3265 sponte
978 3185 1082 3245 ceden-

147 3340 192 3408 tt,
212 3347 245 3394 22
272 3339 407 3394 mandare
426 3340 528 3395 Ritter.
556 3339 705 3395 mandaret
727 3339 866 3410 (mandari
887 3339 1012 3408 Lipsius)
1030 3341 1033 3406 Ι
1050 3343 1083 3393 23

77 3427 173 3466 recens
191 3413 227 3467 al
247 3412 324 3480 ates.
340 3416 366 3478 6,
381 3417 407 3467 7
421 3414 466 3477 16
480 3415 517 3466 68
533 3412 537 3480 Ι
552 3416 588 3466 at
607 3411 739 3478 subimus,
758 3427 805 3465 em.
823 3410 907 3465 Orelli
921 3413 926 3477 Ι
943 3425 976 3463 aa
989 3410 1084 3462 tamen

75 3498 138 3538 nos.
158 3485 283 3537 attamen
308 3484 312 3551 Ι
337 3479 383 3552 26,
404 3487 437 3550 10
461 3479 551 3548 senia,
575 3494 622 3538 em
642 3453 757 3553 Liparis
782 3485 786 3550 Ι
813 3487 845 3534 11
864 3478 983 3534 exuendi
1001 3480 1084 3535 idebr-

76 3553 194 3608 exeundi
211 3559 214 3618 1
233 3561 264 3609 16
285 3525 441 3608 censorium
461 3551 590 3608 Faernus

812 3641 868 3696 rt*

378 3792 394 3821 θ
