2408 3870
137 194 204 259 340
488 191 657 248 CORNELII
675 191 793 248 utem

136 345 286 404 enimvero
309 359 364 421 per
382 342 479 402 Asiam
504 348 592 420 atque
611 341 750 402 Achaiam
768 359 828 402 non
845 342 922 403 dona
940 349 1078 425 tanturn,
1104 346 1158 407 sed

135 431 292 493 simulacra
310 432 465 491 numinum
484 428 718 510 abripiebantur,
742 432 841 491 missis
859 432 890 491 in
908 447 960 491 cas
978 435 1159 510 provincias

136 521 242 581 dorato
256 537 289 579 ac
305 518 442 579 Secundo
456 517 600 578 Carinate.
628 517 677 579 ille
696 518 823 579 libertus
840 520 1024 599 cuicumque
1039 521 1157 602 llagitio

136 617 304 688 promptus,
323 606 372 667 hic
391 606 502 666 Graeca
520 605 654 666 doctrina
673 623 724 666 ore
743 615 831 668 tenus
849 609 1001 668 exercitus
1017 613 1157 672 animum

97 696 222 757 rebonis
250 695 364 756 artibus
391 712 450 755 non
473 692 618 755 inbuerat.
662 694 812 756 serebatur
836 694 962 776 Seneca,
990 715 1055 775 quo
1079 701 1157 761 inri-

136 786 215 846 diam
229 784 376 862 sacrilegii
394 800 410 843 a
430 789 524 843 semet
544 789 704 864 averteret,
722 783 877 863 longinqui
894 785 976 845 ruris
994 802 1155 850 secessum

136 875 280 951 oravisse,
304 880 334 933 et
358 879 515 950 postquam
540 888 599 931 non
625 871 856 952 concedebatur,
879 872 946 933 licta
970 873 1155 957 valetudine,

137 964 222 1041 quasi
240 978 328 1038 aeger
347 961 458 1040 nervis,
477 957 648 1020 cubiculum
667 978 727 1021 non
742 977 888 1040 egressus.
916 961 1074 1025 tradidere
1090 967 1155 1046 qui·

137 1050 203 1111 dam
221 1066 367 1109 venenum
386 1049 415 1108 ei
432 1066 487 1127 per
504 1047 645 1109 libertum
663 1050 772 1129 ipsius,
790 1050 840 1110 cui
858 1065 966 1110 nomen
980 1049 1155 1135 Cleonicus,

98 1153 123 1194 15
137 1146 273 1217 paratum
284 1139 368 1197 iussu
381 1135 505 1197 Neronis
518 1139 700 1214 vitatumque
712 1155 729 1197 a
742 1136 854 1198 Seneca
865 1137 1037 1216 proditione
1051 1139 1155 1204 liberti

138 1244 191 1287 seu
210 1227 329 1304 propria
349 1225 518 1306 tormidine,
541 1225 612 1287 dum
630 1243 685 1305 per
703 1226 867 1304 simplicem
884 1227 996 1287 rictum
1016 1236 1051 1291 et
1070 1248 1156 1310 agre-

138 1314 234 1377 stibus
252 1316 361 1395 pomis,
384 1331 418 1374 ac
437 1316 464 1374 si
482 1316 547 1374 sitis
566 1313 750 1393 admoneret,
774 1315 939 1392 profluente
963 1333 1044 1395 aqua
1063 1321 1156 1381 vitam

138 1403 252 1464 tolerat.

204 1489 256 1552 46.
279 1490 439 1552 Paridem
462 1498 579 1569 tempus
602 1490 778 1568 gladiatores
802 1491 878 1569 apud
899 1491 1044 1571 oppidum
1064 1495 1157 1558 Prae-

138 1587 223 1641 neste
242 1586 382 1656 temptata
400 1580 556 1657 eruptione
576 1579 724 1656 praesidio
743 1578 859 1660 militis,
877 1582 930 1659 qui
948 1585 1157 1647 1111111111-

139 1677 197 1749 set,
216 1669 435 1746 11111111111111,
454 1669 512 1727 iam
527 1667 701 1744 Spartacum
719 1675 750 1728 et
768 1675 868 1728 vetera
886 1667 961 1728 mala
975 1673 1158 1736 rumoribus

139 1758 254 1818 ferente
271 1754 393 1835 populo,
417 1762 451 1815 ut
470 1763 516 1816 est
534 1773 676 1815 nouarum
695 1773 796 1816 rerum
814 1758 938 1836 cupiens
956 1759 1158 1841 pavidusque.

113 1861 126 1901 1
139 1865 194 1906 nec
210 1843 301 1905 multo
315 1852 383 1921 post
397 1842 495 1904 clades
509 1845 555 1903 rei
568 1843 678 1904 navalis
692 1847 847 1925 accipitur,
861 1862 921 1906 non
936 1844 1014 1906 bello
1025 1842 1158 1929 (quippe

139 1934 217 1995 haud
232 1932 302 1992 alias
317 1940 376 1992 tam
390 1933 510 1992 immota
523 1927 607 2012 pax),
626 1931 678 1992 sed
698 1942 813 1995 certum
831 1932 868 1993 ad
887 1933 965 1993 diem
983 1936 1015 1994 in
1029 1935 1157 2024 Campa·

140 2025 219 2083 niam
233 2021 331 2081 redire
345 2020 470 2081 classem
484 2019 561 2080 Nero
576 2022 715 2103 iusserat,
734 2039 793 2081 non
813 2023 945 2101 exceptis
964 2025 1058 2086 maris
1078 2031 1156 2088 casi-

140 2112 205 2171 bus.
242 2126 313 2186 ergo
332 2109 559 2187 gubernatores,
583 2111 715 2186 quamvis
734 2112 882 2171 saeviente
900 2110 1020 2191 pelago,
1045 2131 1060 2173 a
1081 2114 1155 2176 For-

140 2200 208 2259 miis
221 2215 354 2276 movere,
373 2203 403 2256 11
416 2198 498 2274 gravi
511 2197 623 2276 Africo,
642 2196 712 2257 dum
725 2200 966 2276 promunturium
980 2199 1092 2263 Miseni
1106 2222 1156 2264 111·

102 2305 127 2344 11
141 2303 245 2366 perere
260 2285 452 2364 contendunt,
472 2284 610 2346 Cumanis
624 2285 761 2347 litoribus
780 2288 891 2366 inpacti
904 2288 1076 2351 triremium
1091 2291 1155 2370 ple

141 2393 248 2454 rasque
264 2383 293 2434 et
307 2376 419 2433 minora
435 2375 548 2450 navigia
562 2376 672 2452 passim
687 2377 858 2437 amiserunt.

207 2461 258 2525 47.
278 2462 350 2523 Fine
364 2464 433 2523 anni
446 2462 604 2538 vulgantur
617 2464 763 2544 prodigia,
782 2466 990 2526 inminentium
1004 2467 1155 2531 malorum

141 2554 252 2615 nuntia,
287 2553 330 2612 vis
349 2551 499 2629 fulgurum
518 2569 577 2611 non
596 2550 667 2612 alias
686 2552 831 2633 crebrior,
851 2560 882 2613 et
900 2552 983 2614 sidus
1009 2565 1155 2639 cometes,

141 2643 283 2720 sanguine
302 2640 420 2700 inlustri
439 2657 555 2717 semper
573 2639 684 2700 Neroni
703 2643 861 2720 expiatum.
898 2640 1037 2720 bicipites
1057 2643 1155 2706 bomi-

141 2749 212 2792 num
231 2729 390 2789 aliorumve
404 2727 573 2789 animalium
591 2736 694 2806 partus
712 2729 820 2791 abiecti
838 2731 869 2790 in
887 2728 1041 2808 publicum
1057 2742 1111 2794 aut
1125 2737 1156 2795 in

114 2833 128 2875 o
142 2819 307 2896 sacrificiis,
322 2817 430 2895 quibus
444 2816 579 2895 gravidas
593 2817 704 2878 hostias
718 2818 860 2878 inmolare
875 2836 938 2879 mos
952 2828 1010 2899 111,
1030 2825 1157 2900 reperti.

141 2916 171 2968 et
185 2909 217 2965 in
235 2923 305 2983 agro
319 2904 489 2965 Placentino
508 2906 582 2965 viam
602 2914 724 2984 propter
743 2914 830 2966 natus
849 2904 972 2987 vitulus,
992 2910 1043 2968 cui
1062 2919 1157 2989 caput

140 2997 172 3056 in
191 3012 279 3054 crure
302 3001 394 3074 esset,
418 3003 577 3072 secutaque
596 2994 787 3073 haruspicum
805 2997 1026 3076 interpretatio,
1052 3002 1156 3076 parari

212 3181 284 3250 111
295 3180 425 3237 Casinate
438 3183 618 3239 Puteolanus:
629 3182 791 3252 caprinatae
806 3183 812 3252 Ι
829 3188 862 3238 10
871 3181 1012 3237 imbuerat
1020 3182 1155 3254 Lipsius:

140 3255 272 3310 indueret
287 3258 291 3323 Ι
309 3260 341 3308 16
359 3269 410 3322 per
427 3252 584 3322 simplicem
601 3252 706 3306 victum
724 3270 785 3309 nos:
808 3252 984 3378 persimplici
1001 3253 1104 3326 11111111
1122 3263 1156 3312 18

140 3327 276 3382 toleraret
293 3323 487 3392 1111111146,
506 3329 523 3376 2
546 3322 628 3377 adest
650 3325 819 3396 Nipperdey,
845 3324 907 3379 adsi
928 3325 958 3378 ei
976 3324 1155 3401 Ddderlet'ni

140 3398 187 3464 tt,
207 3404 222 3451 3
242 3412 352 3465 semper
370 3397 419 3449 dei.
431 3395 551 3461 Grotius,
571 3394 675 3449 Neroni
688 3397 761 3450 obelo
774 3395 1004 3451 coronamento·
1015 3397 1051 3452 ob
1065 3399 1157 3455 locunt

141 3469 266 3524 Suetom'c'
284 3467 349 3521 Ner.
369 3469 457 3535 3111
476 3463 607 3518 inmolari
632 3467 724 3521 malim
746 3467 805 3522 coll.
824 3470 850 3537 2,
870 3470 915 3536 34,
933 3469 978 3523 22.
997 3470 1091 3537 110,
1110 3474 1158 3525 11.

142 3538 180 3593 Η.
200 3542 226 3604 a,
247 3542 290 3604 56,
310 3541 336 3590 4.
