2408 3870
112 171 178 236 244
461 169 630 225 CORNELII
645 168 767 225 unctui

112 321 196 382 odiis.
232 322 323 398 igitur
347 326 463 398 raptare
487 321 565 379 inter
589 337 634 397 se,
657 321 817 380 immittere
840 319 992 380 latronum
1012 320 1134 401 globos,

112 426 289 488 componere
304 408 425 468 insidias
440 416 470 468 et
483 407 639 486 aliquando
654 407 775 485 proeliis
794 408 949 489 congredi,
967 409 1134 489 spoliaque

112 506 142 558 et
165 497 289 576 praedas
312 497 347 556 ad
371 506 580 574 procuratores
604 496 724 557 referre.
771 496 861 576 hique
885 499 982 575 primo
1013 497 1133 578 laetari,

112 605 178 647 mox
194 586 335 665 gliscente
351 587 482 663 pernicie
493 603 561 644 cunr
571 602 651 644 arma
662 585 789 646 militum
800 587 1031 665 interiecissent,
1046 592 1134 649 caesi

73 689 98 730 1⁵
112 675 234 754 milites,
261 676 441 751 arsissetque
469 671 545 732 bello
573 674 737 752 provincia,
766 676 796 734 ni
825 672 993 744 Quadratus
1019 675 1133 737 Suriae

112 772 212 827 rector
226 762 419 823 subvenisset.
448 779 502 820 nec
517 760 567 820 diu
587 761 728 822 adversus
743 762 879 843 ludaeos,
898 764 1001 840 quiin
1021 781 1133 826 necem

113 851 239 913 militum
253 857 465 930 proruperant,
485 847 651 909 dubitatum
671 853 742 929 quin
757 853 852 929 capite
867 869 977 930 poenas
993 851 1133 914 luerent:

113 940 261 1000 Cumanus
285 946 315 999 et
334 937 415 998 Felix
438 940 657 998 cunctationem
680 939 865 1018 adferebant,
890 941 958 1018 quia
982 939 1133 1007 Claudius

113 1030 211 1089 causis
235 1025 404 1086 rebellionis
427 1026 535 1086 auditis
554 1029 601 1086 ius
621 1027 771 1089 statuendi
789 1030 877 1088 etiam
895 1027 932 1088 de
951 1039 1132 1105 procurato·

74 1137 100 1176 eo
114 1116 196 1177 ribus
216 1116 346 1176 dederat.
374 1114 425 1175 sed
441 1114 607 1185 Quadratus
623 1114 750 1177 Felicem
768 1118 847 1176 inter
866 1116 979 1176 iudices
995 1125 1133 1180 ostenta·

113 1208 163 1285 vit,
179 1212 330 1284 receptum
344 1206 375 1263 in
390 1202 528 1283 tribunal,
543 1222 602 1282 quo
617 1203 713 1264 studia
723 1207 925 1265 accusantium
935 1204 1133 1268 deterreren-

115 1303 177 1374 tur3
187 1293 400 1371 damnatusque
411 1293 598 1371 llagitiorum,
607 1310 682 1371 quae
694 1293 752 1353 duo
760 1293 954 1372 deliquerant,
963 1292 1134 1377 Cumanus,

115 1392 144 1444 et
158 1385 242 1462 quies
257 1383 425 1461 provinciae
441 1381 565 1442 reddita.

180 1468 230 1532 55.
251 1470 311 1531 Nec
330 1471 422 1531 multo
441 1477 507 1548 post
527 1472 687 1548 agrestium
703 1469 827 1532 Cilicum
846 1472 995 1550 nationes,
1015 1473 1134 1550 quibus

114 1560 256 1622 Clitarum
275 1566 517 1640 cognomentum,
537 1577 624 1638 saepe
638 1567 669 1618 et
682 1558 753 1620 alias
768 1566 945 1639 commotae,
964 1567 1039 1619 tunc
1056 1561 1133 1622 Tro·

114 1649 223 1711 robore
247 1648 322 1709 duce
347 1656 462 1708 montes
485 1665 607 1726 asperos
629 1649 735 1708 castris
753 1666 860 1726 cepere
879 1655 967 1726 atque
987 1648 1061 1709 inde
1083 1651 1134 1711 de·

115 1757 206 1799 cursu
235 1740 265 1797 in
293 1736 379 1797 litora
402 1743 452 1797 aut
475 1736 565 1796 urbes
589 1739 647 1797 vim
669 1734 834 1797 cultoribus
858 1744 888 1796 et
911 1736 1074 1814 oppidanis
1100 1758 1134 1799 ac

89 1845 102 1886 s
115 1827 289 1908 plerumque
313 1827 343 1885 in
367 1833 547 1886 mercatores
566 1832 596 1885 et
614 1824 809 1886 navicularios
832 1824 987 1886 audebant.
1026 1826 1134 1889 obses·

117 1934 207 1995 saque
227 1917 329 1975 civitas
347 1913 583 1993 Anemuriensis,
606 1921 637 1974 et
659 1914 742 1973 missi
761 1932 777 1974 e
798 1913 884 1975 Suria
907 1915 938 1973 in
957 1913 1134 1977 subsidium

117 2006 232 2081 equites
251 2020 319 2063 curn
337 2001 486 2080 praelecto
505 1999 607 2062 Curtio
627 2002 736 2062 Severo
760 2001 929 2081 turbantur,
954 2003 1035 2080 quod
1062 2005 1133 2066 duri

117 2095 229 2152 circum
253 2089 311 2150 loci
333 2089 541 2168 peditibusque
564 2090 599 2149 ad
618 2108 747 2168 pugnam
766 2090 865 2151 idonei
882 2099 1022 2168 equestre
1042 2110 1134 2170 proe-

116 2180 189 2241 lium
203 2177 281 2239 haud
296 2176 494 2256 patiebantur,
519 2176 588 2238 dein
601 2196 654 2238 rex
669 2180 733 2239 eius
747 2196 816 2239 orae
830 2178 994 2239 Antiochus
1014 2178 1134 2244 blandi-

77 2287 103 2326 ro
118 2269 225 2329 montis
239 2267 395 2329 adversum
409 2265 537 2345 plebem,
557 2267 659 2329 fraude
677 2270 708 2328 in
727 2267 833 2328 ducem
847 2285 915 2328 eum
929 2265 1134 2332 barbarorum

118 2359 217 2435 copias
241 2355 441 2436 dissociasset,
460 2354 629 2417 Troxobore
654 2359 814 2435 paucisque
833 2355 1016 2434 primoribus
1036 2360 1134 2422 inter-

118 2447 203 2507 iectis
218 2454 334 2506 ceteros
349 2444 503 2506 clementia
519 2449 692 2524 composuit.

185 2531 235 2597 56.
256 2533 317 2594 Sub
337 2533 415 2594 idem
433 2541 550 2613 tempus
568 2535 647 2594 inter
665 2534 760 2595 laeum
779 2531 925 2594 Fucinum
948 2551 1133 2617 amnemque

118 2626 209 2685 Lirim
229 2631 371 2702 perrupto
390 2632 504 2704 monte,
523 2641 581 2702 quo
600 2623 816 2701 magnificentia
836 2624 934 2701 operis
953 2640 969 2683 a
988 2621 1135 2701 pluribus

119 2716 277 2793 viseretur,
296 2712 362 2772 lacu
380 2713 411 2771 in
429 2714 494 2791 ipso
513 2711 613 2772 navale
632 2711 778 2790 proelium
792 2710 966 2792 adornatur,
984 2721 1019 2772 ut
1034 2731 1133 2792 quon-

120 2802 186 2861 dam
199 2800 350 2878 dugustus
365 2809 478 2862 structo
494 2809 574 2861 trans
589 2799 719 2860 Tiberim
734 2810 853 2881 stagno,
872 2799 923 2860 sed
942 2799 1060 2863 levibus
1082 2824 1133 2866 na·

93 2890 205 2967 arigiis
220 2897 249 2948 et
263 2891 377 2949 minore
392 2891 476 2968 copia
495 2889 633 2949 ediderat.
662 2887 801 2949 Claudius
819 2891 956 2950 triremes
975 2891 1133 2968 quadrire-

121 2995 241 3056 mesque
257 2986 286 3038 et
300 2978 483 3056 undeviginti
496 2977 649 3037 hominum
664 2976 742 3036 milia
757 2978 888 3057 armavit,
903 2979 1002 3039 cincto
1012 2981 1133 3043 ratibus

120 3067 245 3147 ambitu,
265 3085 301 3127 ne
320 3084 391 3144 vaga
410 3066 514 3145 eliugia
534 3065 643 3145 forent,
663 3083 696 3125 ae
715 3073 813 3126 tamen
833 3067 960 3144 spatium
975 3068 1133 3147 amplexus

36 3188 41 3195 ·
121 3156 156 3217 ad
167 3157 226 3216 vim
241 3156 365 3234 remigii,
379 3154 606 3233 gubernantium
621 3162 709 3236 artes,
723 3156 852 3233 impetus
866 3155 985 3215 navium
999 3164 1030 3218 et
1044 3176 1133 3236 proe-

192 3307 238 3374 54,
257 3315 291 3362 22
311 3307 512 3375 damnatosque
531 3349 537 3361 .
559 3349 564 3361 .
584 3324 716 3362 cumanos
732 3310 736 3377 Ι
751 3307 797 3375 tt,
812 3314 828 3363 2
845 3306 1006 3362 Troxoboro
1024 3309 1134 3381 Haase,

121 3387 153 3435 ut
173 3381 247 3435 Med.
267 3397 290 3433 o.
311 3377 747 3449 11tabett1ofrande15tt.t
770 3380 849 3433 trane
873 3378 990 3435 Urlichs:
1014 3379 1057 3436 cis
1077 3385 1151 3452 (uls-

126 3451 170 3507 W.
189 3450 224 3505 A.
244 3450 348 3504 Beklcer
374 3451 406 3504 iu
434 3450 548 3520 Topopr.
567 3450 645 3507 Rota.
660 3468 691 3520 p.
710 3451 775 3520 657)
800 3453 805 3521 1
831 3455 846 3505 5
865 3448 999 3505 Claudius
1018 3456 1134 3510 centum

82 3583 84 3589 Ι
122 3519 250 3574 triremes
269 3520 384 3590 Lepsios
399 3521 404 3592 Ι
421 3525 436 3575 l
455 3536 544 3574 vacua
562 3521 695 3577 Heinsius
