2392 3876
295 197 343 251 AB
363 196 524 251 EXCESSU
541 195 697 251 AUGUSTI
713 197 760 252 IH.
780 203 893 252 59-63.
1032 197 1094 260 115

152 342 202 406 62.
212 344 351 405 ‘Proximi
370 345 425 405 hos
439 345 589 425 Magnetes
603 345 636 405 L.
652 344 799 423 Scipionis
818 353 848 405 et
862 345 892 405 L.
909 345 1007 405 Sullae
1026 365 1094 406 con-

86 435 199 494 stitutis
213 423 393 508 nitebantur,
409 453 537 512 quorum
551 433 601 494 ille
615 432 768 514 Antiocho,
782 433 831 494 hic
847 433 1017 496 Mithridate
1031 434 1094 512 pul·

85 526 126 583 sis
145 522 233 582 tidem
253 531 342 601 atque
361 524 502 584 virtutem
520 522 691 600 Magnetum
710 522 900 601 decoravere,
923 525 968 582 uti
986 522 1094 583 Dianae

84 610 314 690 Leucophrynae
342 611 511 690 perfugium
536 610 702 672 inviolabile
727 610 812 671 soret.
848 611 1095 690 Aphrodisienses

83 700 206 779 posthac
227 706 257 759 et
279 699 516 760 Stratonicenses
537 700 690 760 dictatoris
711 698 845 760 Caesaris
866 699 903 760 ob
925 706 1041 761 vetusta
1064 702 1121 760 in⁵

83 791 175 868 partis
190 790 296 847 merita
311 796 340 848 et
354 806 460 849 recens
479 789 540 848 divi
552 789 679 867 Augusti
697 787 850 848 decretum
869 787 1015 867 adtulere,
1034 788 1095 848 lau-

84 879 159 956 dati,
178 874 256 955 quod
270 876 449 937 Parthorum
467 879 668 956 inruptionem
687 875 761 936 nihil
778 883 890 936 mutata
908 878 939 936 in
953 876 1096 954 populum

84 966 250 1025 Romanum
268 966 433 1024 constantia
453 964 655 1043 pertulissent.
690 964 741 1026 sed
760 964 1038 1043 Aphrodisiensium
1056 968 1095 1025 ci-

85 1056 159 1112 vitas
179 1050 315 1132 Veneris,
340 1051 607 1114 Stratonicensium
629 1053 706 1114 lovis
729 1060 759 1126 et
781 1052 898 1113 Triviae
922 1053 1096 1131 religionem

87 1140 252 1202 tuebantur.
299 1140 386 1202 altius
414 1141 707 1202 Hierocaesarienses
737 1160 915 1221 exposuere,
945 1141 1095 1202 Persicam
1110 1153 1135 1191 10

85 1230 161 1309 apud
182 1247 214 1289 se
229 1228 364 1311 Dianam,
384 1229 542 1291 delubrum
560 1248 631 1309 rege
646 1228 722 1308 Cyro
742 1230 885 1310 dicatum;
904 1238 933 1290 et
952 1248 1094 1291 memora-

84 1319 193 1378 bantur
211 1317 398 1398 Perpennae,
421 1318 545 1379 Isaurici
564 1316 715 1396 multaque
734 1318 790 1378 alia
808 1320 1020 1396 imperatorum
1044 1338 1095 1379 no-

85 1409 177 1485 mina,
201 1407 252 1484 qui
274 1424 334 1466 non
354 1406 440 1467 modo
459 1403 595 1488 templo,
609 1406 662 1467 sed
680 1405 796 1467 duobus
816 1406 935 1467 milibus
954 1425 1095 1486 passuum

85 1492 209 1554 eandem
229 1495 414 1555 sanctitatem
434 1494 609 1556 tribuerant.
632 1497 714 1554 exim
730 1493 829 1573 Cyprii
848 1493 944 1554 tribus
960 1498 997 1556 de
1015 1495 1095 1555 delu-

85 1582 161 1660 bris,
186 1599 312 1660 quorum
336 1585 568 1644 vetustissimum
586 1582 712 1662 Paphiae
732 1581 840 1642 Veneri
862 1591 966 1642 auctor
984 1582 1135 1663 Aerias,15

85 1678 153 1749 post
166 1669 245 1730 filius
260 1671 323 1731 eius
338 1670 479 1731 Amathus
493 1669 600 1731 Veneri
614 1671 802 1731 Amathusiae
818 1681 848 1731 et
861 1669 923 1730 lovi
938 1670 1095 1731 Salaminio

86 1759 215 1838 Teucer,
230 1757 397 1818 Telamonis
411 1762 503 1837 patris
517 1762 562 1820 ira
576 1760 736 1839 prologus,
750 1761 930 1839 posuissent.

152 1843 203 1908 63.
222 1846 346 1908 Auditae
365 1847 487 1909 aliarum
507 1866 625 1927 quoque
645 1850 807 1909 civitatium
825 1847 994 1926 legationes.
1025 1865 1096 1925 quo-

84 1954 151 1997 rum
166 1937 250 2015 copia
264 1936 337 1996 lessi
349 1943 459 2016 patres,
475 1944 505 1997 et
520 1939 588 2016 quia
603 1936 709 1998 studiis
725 1935 907 2016 certabatur,
923 1935 1096 1996 consulibus

83 2026 261 2106 permisere,
280 2031 314 2084 ut
331 2034 489 2104 perspecto
508 2027 588 2105 iure,
607 2032 638 2086 et
658 2027 684 2085 si
703 2043 760 2104 qua
778 2026 919 2103 iniquitas
932 2024 1095 2084 involvere-

83 2123 147 2194 tur,
172 2130 236 2173 rem
255 2112 401 2190 integram
419 2131 541 2174 rursum
560 2113 595 2174 ad
615 2120 750 2174 senatum
769 2113 925 2173 referrent.
958 2112 1096 2172 consules

85 2219 176 2280 super
190 2219 240 2261 eas
255 2202 401 2282 civitates,
420 2219 494 2280 quas
512 2204 684 2281 memoravi,
704 2201 780 2280 apud
796 2200 971 2280 Pergamum
985 2200 1122 2261 Aescu-⁵

83 2291 154 2369 lapii
180 2295 356 2368 conpertum
383 2289 496 2368 asylum
526 2290 718 2351 rettulerunt:
749 2297 865 2350 ceteros
895 2288 1030 2349 obscuris
1059 2289 1096 2350 ob

84 2385 262 2439 vetustatem
280 2379 373 2438 initiis
392 2380 455 2439 uiti.
491 2395 558 2438 nam
576 2377 754 2457 Zmyrnaeos
773 2377 925 2438 oraculum
944 2377 1096 2457 Apollinis,

85 2469 176 2528 citius
185 2467 310 2545 imperio
322 2465 513 2527 Stratonicidi
522 2465 630 2527 Veneri
644 2467 787 2545 templum
802 2466 973 2544 dicaverint,
988 2465 1096 2524 Tenios

85 2554 219 2616 eiusdem
233 2572 353 2614 carmen
367 2555 490 2634 reterre,
506 2572 564 2633 quo
575 2571 692 2614 sacrare
702 2554 833 2633 Neptuni
844 2554 970 2631 effigiem
981 2551 1096 2612 aedem·

86 2661 145 2721 que
153 2645 227 2703 iussi
234 2645 301 2703 sint.
315 2645 455 2722 propiora
463 2642 634 2703 Sardianos:
644 2641 802 2703 Alexandri
810 2643 931 2702 victoris
938 2640 1094 2701 iddonum.
1110 2654 1136 2693 10

86 2747 185 2808 neque
205 2732 302 2790 minus
320 2730 451 2791 Milesios
470 2730 565 2791 Dareo
585 2748 654 2809 rege
673 2732 740 2811 niti3
759 2740 805 2791 set
823 2729 922 2789 cultus
941 2732 1096 2790 numinum

86 2820 223 2897 utrisque
241 2817 361 2880 Dianam
385 2828 436 2880 aut
454 2818 618 2898 Apollinem
641 2817 809 2878 venerandi.
851 2825 953 2897 petere
977 2817 1094 2878 111311-

84 2917 186 2968 tenses
209 2906 366 2968 simulaoro
390 2907 449 2967 divi
472 2909 606 2986 Augusti.
647 2907 783 2986 iactaque
807 2898 928 2967 senatus
953 2905 1095 2985 consulta,

84 2998 152 3075 quis
166 2995 260 3057 multo
275 3014 344 3056 cum
357 2996 470 3056 honore
486 2995 590 3057 modus
606 3004 704 3057 tamen
718 2994 987 3075 praescribebatur,
1008 2997 1096 3055 iussi-

155 3253 202 3322 12,
223 3261 236 3310 1
256 3253 378 3324 proximi
396 3254 448 3308 hos
466 3253 502 3309 M.
523 3254 630 3310 Wurm:
650 3253 777 3324 proximo
796 3255 946 3323 magnates
966 3251 1096 3320 (proximi

82 3325 121 3383 M.
140 3325 324 3393 Freiuahaim)
355 3329 359 3393 Ι
388 3325 603 3395 4leucophine,
631 3342 678 3381 em.
704 3324 820 3394 Lipsius
851 3321 1095 3394 (Leucophryenae

82 3397 248 3464 Beoatdea)
264 3399 268 3464 Ι
286 3402 317 3451 11
336 3395 399 3464 regi
417 3395 589 3451 Freimbaim
604 3400 608 3464 Ι
626 3401 659 3451 14
678 3395 712 3449 de
734 3396 797 3451 odd.
817 3394 1013 3462 Bezzenberper
1028 3394 1033 3463 Ι
1049 3393 1094 3459 63,

84 3467 266 3536 immotis
282 3468 287 3537 t
303 3472 319 3521 8
335 3466 519 3522 Stratonicidi
528 3467 691 3524 Rhemum:
707 3466 796 3521 strato
810 3463 950 3520 nicidiuae
967 3467 970 3534 Ι
989 3469 1095 3534 ttrege

81 3537 138 3594 niti
156 3539 200 3593 111
217 3538 345 3608 Lipsius:
363 3536 425 3607 rogi
442 3537 486 3592 uti
504 3539 534 3592 11

843 3626 881 3680 8*
