2392 3876
106 167 171 231 364
455 163 624 221 CORNELII
640 163 758 220 Tacui

106 315 253 375 iuratione
266 315 360 392 magis
374 315 558 376 exterritum
586 314 678 391 igitur
692 315 837 392 centurio,
851 312 904 383 ubi
917 314 1035 393 effugia
1045 316 1130 378 villae

108 403 222 482 clausit,
236 404 317 464 iussa
326 404 505 480 inperatoris
515 401 635 464 Ostorio
643 402 746 480 aperit
770 404 797 464 is
810 401 1024 469 fortitudinem
1040 423 1130 484 saepe

108 491 264 553 adeersum
279 491 382 553 hostes
395 497 557 569 spectatam
571 492 604 554 in
615 509 648 554 se
663 492 764 553 vertit:
779 492 893 570 etquis
910 509 1007 553 venae
1024 511 1128 572 quem·

70 596 94 634 1⁰
109 582 388 659 quaminterruptae
399 596 504 657 parum
514 578 1128 659 sangumiseuondenasthoctenusmanu

111 670 189 730 servi
208 687 294 748 risus,
311 678 347 730 ut
364 670 509 731 inmotum
527 669 687 744 pugionem
702 666 870 748 extolleret,
888 667 1043 746 adpressit
1056 670 1128 735 don·

109 767 186 820 tram
200 759 265 818 eius
278 755 440 836 iuguloque
455 757 595 821 decurrit.

178 843 228 908 16.
246 844 341 910 Etiam
361 846 387 906 si
404 842 480 905 belia
499 850 620 906 externa
634 852 666 908 et
679 843 775 909 obitas
788 862 844 924 pro
857 863 892 909 m
905 843 1028 923 publica
1047 864 1126 911 mor·

109 943 155 996 tes
169 942 250 996 tanta
264 950 387 995 casuum
405 929 597 994 similitudine
611 951 821 1014 memorarem,
836 951 943 1012 meque
962 935 1065 1011 ipsum
1080 953 1123 1001 sa

110 1025 166 1084 tias
181 1024 310 1100 cepisset
327 1020 513 1099 suorumque
531 1021 663 1086 taedium
681 1029 897 1103 exspectarem,
916 1024 1053 1101 quamvis
1072 1022 1126 1087 no-

111 1117 211 1171 nestos
234 1110 343 1173 civium
362 1110 473 1190 mutu,
496 1112 599 1176 tristes
617 1118 714 1175 tamen
733 1112 938 1175 arcontium
961 1127 1126 1188 aspernan-

83 1201 197 1260 stium:
219 1205 250 1258 at
273 1215 353 1260 nuno
376 1199 517 1276 patientia
539 1197 655 1264 servitis
678 1205 852 1278 tantumque
869 1199 1023 1277 mnqninis
1042 1199 1127 1265 domi

111 1287 260 1366 perditum
278 1286 401 1365 fatigent
420 1289 552 1351 animum
569 1295 600 1350 et
622 1289 768 1352 maestitia
791 1289 984 1370 restringunt
1022 1305 1125 1367 neque

111 1376 196 1437 aliam
215 1376 417 1442 defensionem
436 1376 472 1437 ab
491 1378 542 1456 iis,
567 1375 675 1455 quihus
693 1376 751 1441 ista
768 1383 942 1457 noscentur,
960 1378 1126 1459 exegerim,

112 1484 199 1544 quam
214 1483 251 1526 ne
266 1465 380 1527 oderim
393 1473 452 1527 tam
468 1467 599 1543 segniter
611 1471 781 1544 pereuntes.
803 1466 848 1531 irs
861 1464 910 1528 illa
922 1464 1083 1531 nummum
1092 1467 1125 1529 in

111 1573 160 1616 res
174 1554 320 1614 Romanas
334 1553 403 1631 suit,
422 1571 510 1633 quem
528 1571 601 1631 non,
620 1555 703 1621 utin
721 1553 855 1618 cladibus
867 1555 1058 1619 exercituum
1071 1562 1126 1618 eut

72 1657 97 1694 10
112 1644 281 1721 captivitate
299 1640 432 1722 urbium,
451 1640 542 1704 semei
559 1642 641 1705 odito
659 1644 786 1706 transire
799 1641 877 1707 lieet.
904 1641 991 1708 detur
1003 1639 1065 1706 noc
1079 1644 1125 1703 in-

112 1731 250 1793 lustrium
269 1732 401 1795 virorum
418 1732 598 1810 posteritati,
616 1738 651 1793 ut
669 1749 728 1808 qno
746 1730 833 1793 mods
852 1731 1001 1808 exsequiis
1020 1748 1123 1809 apro-

111 1822 202 1880 misca
226 1817 379 1896 sepultura
402 1827 590 1897 separantur,
612 1820 653 1882 ita
674 1820 706 1882 in
729 1819 888 1883 traditione
910 1835 1124 1897 supremorum

112 1909 258 1987 accipiant
271 1905 457 1984 habeantque
470 1908 622 1984 propriam
635 1909 815 1971 memoriam.

181 1994 230 2058 17.
253 1994 366 2055 Paucos
389 1996 498 2072 qnippe
520 1996 597 2056 intra
621 1993 685 2056 dies
711 1994 816 2057 eodem
843 1995 958 2070 agmine
980 1992 1125 2059 Annaeus

112 2083 200 2163 Mela,
215 2082 337 2146 Cerialis
351 2081 486 2159 dnioins,
500 2079 623 2142 Rufrius
636 2079 804 2160 crespinus,
823 2080 853 2143 G.
867 2081 1027 2143 Petronius
1042 2085 1121 2145 ccci·

113 2173 196 2249 dero,
215 2169 289 2231 Mela
308 2175 338 2228 et
356 2167 511 2244 Crispinus
530 2168 647 2243 equites
659 2165 783 2230 Romani
801 2168 944 2246 dignitate
963 2172 1123 2234 senatoria.

112 2276 179 2320 nam
197 2257 246 2318 hic
266 2254 413 2334 qnondam
431 2253 599 2333 praefectus
617 2257 759 2334 praetorii
777 2263 808 2318 et
822 2256 1031 2321 consularibus
1050 2261 1122 2322 insi-

114 2345 221 2426 gnibus
235 2344 361 2405 donatus
379 2362 413 2407 ao
433 2361 529 2422 nuper
543 2345 667 2408 crimino
681 2346 894 2411 coniurationis
907 2348 938 2410 in
954 2345 1122 2413 Sardiniam

113 2442 242 2514 orantus,
256 2441 377 2513 accepto
392 2427 489 2494 iussae
503 2434 608 2494 mortis
623 2436 727 2496 nuntio
741 2443 835 2496 semet
847 2435 1006 2496 interiecit.
1035 2433 1121 2516 Meta,

113 2522 221 2602 quiens
236 2521 328 2582 Gallio
343 2530 373 2582 et
388 2521 501 2588 Seneca
514 2521 687 2601 parentibus
699 2531 804 2605 natus,
814 2524 958 2603 petinione
971 2522 1121 2586 honorum

112 2611 296 2676 abstinuerat
309 2628 363 2688 per
377 2611 567 2676 manitionem
579 2618 811 2692 praeposteram
824 2622 959 2690 nteqnes
969 2610 1120 2695 &manns

112 2698 318 2762 consularibus
335 2702 467 2777 potentia
487 2707 677 2780 aequaretnr3
699 2700 788 2768 simul
809 2699 1008 2780 aequimodae
1029 2719 1119 2779 pecn-

73 2791 178 2854 reniae
197 2786 317 2849 brevius
335 2789 393 2849 iter
412 2786 551 2848 credebat
567 2804 622 2866 por
638 2791 865 2867 procurationes
878 2788 1119 2856 administrandis

112 2876 254 2957 principis
269 2877 404 2952 negotiis
427 2874 504 2938 idem
516 2875 667 2941 tomeun
677 2875 828 2945 Lucanum
841 2886 993 2956 genuerat,
1007 2877 1118 2955 grande

112 2966 313 3030 strumonem
323 2961 515 3026 claritudinis.
539 2982 598 3042 quo
613 2965 769 3026 interiecto
784 2964 854 3027 dum
868 2983 931 3027 rem
945 2965 1117 3033 sentitiarem
1134 3043 1136 3047 ,

113 3058 177 3117 cius
187 3055 294 3114 acriter
309 3051 443 3131 requirit,
458 3059 660 3113 accusatorem
674 3053 802 3112 concivit
811 3051 935 3113 Fabium
945 3052 1119 3133 Romanum,

112 3162 148 3204 ex
162 3144 275 3205 intimis
289 3139 401 3204 Luceni
415 3140 524 3204 amicis
552 3125 643 3204 misia
661 3141 739 3201 inter
752 3148 868 3220 patrem
882 3140 1035 3221 filiumque
1049 3161 1118 3202 oon-

183 3293 227 3363 15,
247 3294 340 3364 simp
341 3291 459 3351 oratoris
476 3291 642 3350 Budarem
636 3290 746 3363 ··pIn·
739 3294 828 3361 lle,
842 3292 905 3351 tei
922 3291 1055 3352 continno
1074 3297 1118 3361 (en
1148 3310 1155 3321 ·

112 3365 245 3421 continno
269 3311 376 3446 Wnonr)
392 3372 396 3433 1
411 3371 429 3421 e
446 3361 626 3432 restinguunt
644 3364 764 3434 Medma
779 3368 814 3431 17
835 3363 880 3420 his
894 3365 900 3430 1
916 3367 933 3416 8
950 3361 1064 3419 oderint
1051 3365 1118 3420 tol.

113 3437 116 3507 1
140 3442 172 3491 10
191 3434 359 3505 captiuitate
375 3436 442 3505 117,
460 3433 608 3490 ruamus
630 3450 692 3490 eos:
719 3382 797 3490 rufus
813 3437 818 3504 1
834 3433 855 3472 ⁰·
887 3432 1059 3503 Wmmoerp:
1086 3451 1120 3490 eo

111 3506 202 3575 (aoC.
222 3507 386 3574 Rhenanus,
405 3505 434 3560 Τ.
455 3505 557 3572 Hense,
576 3520 608 3558 ae
626 3503 649 3544 Τ
680 3503 833 3557 Ninnndo
