2392 3876
292 219 340 274 AB
358 219 519 275 Excusso
536 218 693 276 AUGUSTI
709 221 744 279 H.
765 226 879 278 54-57.
1047 221 1088 286 'll

81 371 162 432 nitus
176 370 211 430 ad
225 368 327 431 Medos
341 372 518 452 porrigitur;
536 372 731 449 maximisque
743 372 883 451 'imperiis
889 372 1046 432 interiecti
1060 378 1091 432 et

82 460 199 538 saepius
221 458 374 521 discordes
398 466 480 538 sunt,
503 458 644 520 adversus
663 459 811 521 Romanos
833 461 901 520 odio
924 466 954 520 et
971 462 1003 519 in
1022 459 1089 520 Par-

81 547 166 608 thum
184 546 302 608 invidia.
340 566 440 627 regem
459 546 508 608 illa
526 554 701 625 tempestate
724 565 785 609 non
808 547 969 629 habebant,
993 556 1117 608 amotos

80 635 214 696 Vonone:
234 635 286 696 sed
305 636 386 697 lavor
406 637 534 696 nationis
552 634 712 696 inclinabat
731 637 762 697 in
779 635 939 715 Zenonem,
957 636 1090 697 Polemo·

81 726 127 785 nis
146 725 225 801 regis
244 723 361 785 Pontici
378 724 485 806 filium,
504 724 582 803 quod
601 725 627 784 is
645 726 741 804 prima
759 724 795 785 ab
814 725 936 786 infantia
955 727 1092 786 instituta

79 820 111 873 et
125 811 238 873 cultum
251 812 460 874 Armeniorum
474 812 650 893 aemulatus,
669 820 778 874 venatu
793 812 888 892 epulis
903 821 933 874 et
946 832 1022 892 quae
1036 813 1092 873 alia

80 900 200 961 barbari
214 900 377 981 celebrant,
390 920 532 980 proceres
545 900 721 981 plebemque
735 903 816 963 iuxta
831 902 1011 962 devinxerat.
1039 903 1091 980 igi-

80 996 131 1049 tur
155 988 347 1050 Germanicus
369 991 401 1050 in
424 990 499 1051 urbe
517 989 655 1050 Artaxata
678 989 910 1068 adprobantibus
932 989 1133 1071 nobilibus,1⁰

80 1077 260 1137 circumfusa
274 1076 476 1158 multitudine,
495 1081 611 1157 insigne
630 1080 745 1158 regium
759 1080 850 1158 capiti
863 1081 928 1139 eius
942 1081 1091 1157 imposuit.

82 1167 175 1226 ceteri
197 1173 372 1228 venerantes
395 1185 496 1246 regern
514 1167 663 1227 Artaxiam
687 1166 923 1247 consalutavere,
947 1167 1025 1246 quod
1049 1166 1093 1226 illi

81 1252 257 1314 vocabulum
271 1255 440 1316 indiderant
455 1274 490 1316 ex
504 1257 624 1315 nomine
639 1254 731 1317 urbis.
755 1263 785 1316 at
795 1254 982 1334 Cappadoces
992 1258 1023 1315 in
1033 1256 1091 1314 lor·

80 1360 159 1402 mam
181 1345 350 1420 provinciae
373 1344 487 1405 redacti
504 1342 537 1413 Q.
552 1343 710 1404 Veranium
732 1343 861 1422 legatum
884 1362 1039 1424 accepere3
1063 1350 1093 1404 et

82 1429 225 1509 quaedam
243 1448 279 1490 ex
298 1433 389 1508 regiis
407 1431 529 1491 tributis
548 1432 711 1510 deminuta,
732 1449 790 1509 quo
808 1433 910 1492 mitius
928 1431 1093 1492 Romanum
1108 1443 1135 1483 1⁵

82 1519 241 1595 imperium
256 1526 436 1596 speraretur.
465 1517 669 1597 Commagenis
684 1517 716 1587 Q.
732 1517 878 1580 Servaeus
891 1522 1094 1600 praeponitur,

83 1612 147 1664 tum
160 1608 291 1683 primum
306 1605 344 1665 ad
356 1607 404 1666 ius
417 1609 564 1685 praetoris
578 1606 736 1666 translatis.

150 1688 202 1754 at.
230 1692 401 1773 Cunctaque
429 1694 548 1755 socialia
577 1712 720 1774 prospere
749 1697 911 1773 composita
939 1712 999 1754 non
1028 1695 1094 1755 ideo

84 1782 194 1843 laetum
218 1780 425 1842 Germanicum
453 1782 600 1843 habebant
627 1782 665 1843 ob
693 1782 862 1861 superbiam
886 1782 1015 1863 Pisonis,
1043 1785 1095 1862 qui

83 1873 183 1933 iussus
201 1877 315 1949 partem
334 1869 483 1948 legionum
497 1873 561 1950 ipse
576 1878 626 1931 aut
639 1889 693 1950 per
707 1871 801 1931 filium
814 1873 845 1931 in
860 1872 1028 1931 Armeniam
1042 1872 1094 1932 du-

83 1977 152 2020 cere
170 1965 331 2037 utrumque
351 1958 528 2038 neglexerat.
561 1959 648 2039 Cyrri
664 1959 784 2020 demum
802 1959 880 2038 apud
899 1958 1023 2019 hiberna
1046 1959 1095 2019 de·

81 2065 185 2109 cumae
204 2046 329 2126 legionis
348 2065 526 2128 convenere,
545 2049 661 2109 firmato
680 2046 777 2129 vultu,
795 2047 864 2108 Piso
878 2047 1021 2108 adversus
1035 2061 1121 2108 mee

82 2144 156 2216 tum,
175 2135 377 2217 Germanicus,
395 2154 434 2197 ne
447 2138 555 2197 minari
573 2137 760 2216 crederetur3
778 2143 809 2196 et
827 2142 903 2217 erat,
927 2142 961 2196 ut
983 2135 1095 2217 rettuli,

82 2224 265 2286 clementior.
304 2224 356 2284 sed
375 2227 463 2285 amici
482 2225 677 2287 accendendis
696 2224 908 2285 offensionibus
931 2223 1030 2285 callidi
1051 2227 1095 2285 in·

83 2312 206 2373 tendere
223 2331 306 2394 vera,
325 2313 466 2392 adgerere
485 2312 557 2374 ialsa
575 2315 733 2392 ipsumque
748 2320 778 2373 et
792 2311 960 2373 Plancinam
975 2321 1005 2373 et
1019 2312 1095 2373 filios

83 2403 172 2462 variis
190 2401 286 2462 modis
308 2402 468 2462 criminari
504 2409 654 2480 postremo
677 2403 781 2480 paucis
803 2400 991 2462 familiarium
1014 2401 1095 2461 adhi-

85 2489 157 2551 bitis
176 2507 273 2550 sermo
296 2499 419 2568 coeptus
443 2509 459 2550 a
478 2489 615 2569 Caesare,
639 2489 756 2568 qualem
778 2491 823 2550 ira
846 2497 877 2550 et
899 2489 1094 2550 dissimulatio
1109 2503 1136 2543 ιο

83 2580 190 2657 gignit,
211 2595 387 2656 responsum
406 2597 423 2638 a
441 2577 547 2638 Pisone
565 2576 707 2656 precibus
724 2577 963 2658 contumacibus3
986 2577 1095 2638 disces·

82 2673 247 2743 seruntque
262 2668 372 2742 apertis
386 2666 470 2726 odiis.
489 2672 557 2744 post
570 2683 645 2744 quae
660 2684 746 2726 rarus
760 2668 791 2726 in
806 2664 948 2726 tribunali
962 2664 1095 2727 Caesaris
1172 2683 1177 2692 ·

84 2753 167 2830 Piso,
186 2760 216 2811 et
235 2754 260 2811 si
280 2753 396 2829 quando
415 2753 577 2833 adsideret,
592 2761 675 2814 atrox
690 2772 724 2814 ac
738 2754 897 2814 dissentire
911 2753 1095 2815 manifestus.

85 2858 141 2900 vox
161 2856 278 2917 quoque
297 2843 361 2900 eius
384 2841 483 2906 audita
505 2849 552 2902 est
574 2843 605 2902 in
629 2844 777 2922 convivio,
801 2860 869 2903 cum
892 2842 970 2922 apud
994 2860 1095 2922 regem

83 2927 300 3013 Nabataeorum
327 2946 453 2990 coronae
482 2947 588 2990 aureae
616 2947 721 3008 magno
753 2930 885 3008 pondere
917 2930 1036 2992 Caesari
1066 2937 1096 2991 et
1110 2944 1137 2984 1⁵

83 3017 271 3096 Agrippinae,
290 3015 368 3077 leves
383 3017 483 3077 Pisoni
498 3025 528 3078 et
542 3020 650 3079 ceteris
671 3017 858 3098 offerrentur,
876 3020 1021 3098 principis
1040 3019 1096 3078 Ro-

83 3108 176 3186 mani,
190 3123 250 3166 non
264 3104 366 3166 Parthi
379 3108 458 3184 regis
472 3105 532 3166 filio
547 3125 597 3167 eas
611 3105 713 3185 epulas
728 3106 806 3167 dari·
798 3107 992 3189 ,abiecitque
1008 3106 1096 3167 simul

156 3275 449 3344 56‚12infrac.64
473 3274 611 3330 Artaxian
627 3277 631 3344 Ι
649 3282 681 3331 ta
701 3275 882 3347 Cappadoces
901 3277 931 3332 et
949 3274 1096 3331 Cilices-I.

83 3347 169 3417 saep
189 3317 265 3402 ltus.
284 3349 360 3428 abac.
377 3351 424 3415 24,
440 3351 476 3403 76
492 3353 547 3403 not.
564 3349 619 3416 ltu
634 3345 770 3403 Servaeus
789 3348 918 3418 Lipaiua:
938 3346 1095 3428 seruneiuel

83 3418 166 3484 aas
187 3433 350 3486 conuemre
374 3435 421 3473 em.
441 3418 645 3488 Rhamnusia
663 3417 753 3472 filium
771 3417 829 3487 Ia’p
829 3420 888 3473 aina
912 3421 916 3487 l
944 3423 975 3471 11
995 3416 1097 3471 disces-

83 3489 242 3556 canantque,
261 3503 309 3544 ean.
326 3489 450 3545 Pacbeoa
466 3492 469 3553 Ι
488 3494 520 3542 12
536 3489 641 3558 apertis
654 3489 782 3558 Lipsiae·
801 3436 916 3557 opertis
923 3490 927 3559 Ι
942 3489 1009 3558 poet
1027 3503 1099 3558 quaa

83 3558 225 3614 Muretus.
243 3561 376 3628 postque,
396 3561 430 3627 ef.
454 3558 611 3628 Wdtfflin'
598 3576 631 3614 m
651 3559 752 3615 Philet
769 3562 816 3626 25,
836 3563 892 3615 107
