2392 3876
143 159 208 223 260
494 156 799 212 ccuusuuuscrrr

144 326 217 387 quas
237 325 305 387 spes
324 309 355 368 iu
374 325 407 368 re
425 306 543 386 publica
562 309 646 387 sitas,
665 314 695 366 ct
713 313 796 367 tanto
814 308 908 385 magis
928 308 1101 371 fovendum
1119 329 1164 390 pa·

143 397 240 458 tribus
260 396 428 475 populoque
447 397 625 476 principem,
649 396 701 474 qui
723 412 802 456 uuus
821 405 1000 474 superesset
1020 415 1039 459 e
1058 399 1163 460 familia

144 504 292 548 summum
306 484 342 545 ad
357 486 507 563 fastigium
520 487 626 563 genita.
955 482 959 486 ’

213 572 262 637 18.
290 572 375 634 Exim
402 573 557 651 largitione
584 573 755 652 potissimos
777 574 941 633 amicorum
966 577 1065 638 auxit.
1113 594 1162 638 nec

145 664 266 724 deluere
288 663 339 741 qui
360 668 520 739 arguerent
539 663 619 721 viros
637 662 811 739 gravitatem
830 661 1062 746 adseverantes,
1087 664 1161 745 quod

145 752 247 812 domos
252 798 260 830 ,
279 748 361 810 villas
376 749 406 809 id
421 752 563 828 temporis
579 751 663 828 quasi
676 750 816 828 praedam
829 749 1015 813 divisissent.
1049 751 1106 814 alii
1118 771 1161 815 ue

145 842 312 900 cessitatem
327 837 486 898 adhibitam
501 837 662 898 credebaut
676 856 692 897 a
705 839 853 919 principe,
872 837 1001 900 sceleris
1020 840 1086 902 sibi
1100 858 1161 904 cou-

117 943 130 982 s
145 929 206 987 scio
221 936 251 988 et
264 928 379 987 veniam
393 933 543 1007 sperante,
563 929 590 987 si
607 925 814 1004 largitionibus
826 926 1048 990 validissimum
1065 949 1160 1012 quem·

146 1033 202 1094 quc
217 1014 432 1076 obstrinxisset.
461 1022 490 1075 at
502 1017 606 1076 matris
619 1017 664 1076 ira
677 1014 758 1076 nulla
771 1017 974 1077 munificentia
989 1017 1101 1102 leniri,
1115 1018 1161 1082 sed

145 1102 281 1183 amplecti
296 1101 459 1184 Octaviam,
474 1103 579 1164 crebra
594 1121 661 1164 cum
676 1106 779 1165 amicis
793 1111 907 1165 secreta
920 1104 1055 1188 babere,
1077 1125 1161 1189 super

144 1194 304 1270 ingenitam
319 1194 469 1254 avaritiam
485 1191 616 1271 undique
626 1194 768 1270 pecunias
778 1194 902 1272 quasiin
914 1193 1094 1258 subsidium
1103 1215 1160 1259 cor·

145 1283 270 1361 ripieus,
289 1280 426 1342 tribunos
441 1289 472 1342 et
485 1283 675 1342 centuriones
689 1282 815 1342 comiter
828 1283 980 1364 excipere,
995 1288 1124 1348 nomina
1136 1294 1161 1346 ct

106 1384 131 1423 10
145 1373 271 1432 virtutes
284 1369 441 1451 nobilium,
460 1364 514 1448 qul
527 1371 615 1430 etiam
633 1377 696 1430 tum
715 1378 905 1450 supererant,
922 1372 955 1431 in
974 1371 1100 1436 honore
1117 1375 1160 1436 ba·

145 1459 230 1541 berc,
249 1462 332 1539 quasi
351 1465 508 1538 quaereret
522 1458 628 1518 ducem
643 1465 673 1518 et
686 1466 794 1536 partes.
827 1461 978 1538 cognitum
992 1461 1026 1520 id
1042 1461 1160 1536 Neroni,

146 1548 345 1627 excubiasque
359 1547 510 1628 militares,
526 1564 600 1625 quac
615 1554 649 1607 ut
662 1549 781 1626 coniugi
794 1549 984 1627 imperatoris
999 1549 1087 1630 olim,
1101 1561 1159 1613 tum

145 1645 178 1697 ut
198 1638 284 1698 matri
304 1636 510 1716 servabantur,
530 1643 560 1696 et
574 1634 735 1696 Germanos
753 1653 850 1717 nuper
868 1634 996 1697 eundem
1016 1642 1054 1700 iu
1072 1639 1160 1701 bouc-

146 1744 209 1786 rem
224 1724 363 1786 custodes
377 1724 491 1785 additos
506 1723 628 1801 degredi
641 1723 732 1784 iubet.
764 1743 799 1784 ac
812 1742 850 1786 ne
864 1732 951 1786 coctu
965 1725 1160 1791 salutantium

106 1828 131 1868 1⁵
146 1816 399 1893 frequentaretur,
418 1819 535 1892 separat
549 1812 668 1872 domum
683 1818 867 1893 matremque
880 1814 1027 1875 transfert
1041 1818 1076 1878 in
1092 1835 1159 1897 eam,
1193 1859 1196 1888 2

146 1920 221 1981 quae
235 1904 378 1962 Antoniae
393 1902 502 1981 luerat,
523 1902 660 1980 quotiens
674 1902 738 1979 ipsc
756 1901 827 1962 illuc
844 1903 1017 1983 ventitaret,
1037 1914 1160 1986 saeptus

145 1990 232 2050 turba
247 1992 456 2051 centurionum
470 1997 500 2049 et
513 1997 582 2067 post
596 1989 686 2049 breve
701 1988 835 2051 osculum
849 1989 1030 2069 digrediens.

215 2073 263 2138 19.
287 2076 366 2138 Nihil
384 2095 486 2138 rerum
505 2076 675 2138 mortalium
692 2085 753 2139 tam
770 2077 907 2140 instabile
925 2093 960 2140 ac
978 2079 1100 2144 fluxum
1119 2090 1161 2145 est

146 2184 233 2245 quam
248 2166 323 2226 lama
337 2167 486 2244 potentiae
500 2183 560 2226 uon
575 2184 628 2227 sua
638 2168 666 2226 vi
675 2169 770 2227 nixae.
795 2169 893 2229 statim
903 2166 1046 2231 relictum
1056 2171 1160 2252 Agrip·

145 2257 232 2333 piuae
251 2252 355 2315 limen:
374 2271 460 2315 nemo
480 2253 582 2334 solari,
602 2272 688 2315 nemo
708 2255 789 2316 adire
807 2265 926 2336 praeter
943 2273 1060 2335 paucas
1078 2262 1160 2322 temi-

146 2361 213 2424 nas,
236 2360 335 2402 amore
359 2360 396 2403 au
420 2342 486 2404 odio
506 2346 642 2404 incertas.
680 2361 716 2404 ex
735 2343 844 2424 quibus
863 2353 927 2406 erat
944 2342 1031 2407 lunia
1052 2348 1161 2430 Silano,

119 2445 132 2485 5
147 2450 233 2512 quam
248 2433 434 2492 matrimonio
449 2430 480 2492 C.
496 2431 549 2492 Sili
564 2448 580 2492 a
594 2432 749 2493 Messalina
764 2433 917 2512 depulsam
936 2451 1027 2513 supra
1048 2439 1161 2521 rettuli,

145 2524 270 2601 insignis
293 2538 401 2600 genere
425 2520 518 2581 forma
541 2519 671 2601 lascinia,
695 2528 725 2582 et
746 2521 926 2601 Agrippinae
948 2521 1001 2583 diu
1023 2542 1162 2608 percara,

147 2629 213 2671 rnox
228 2610 353 2672 occultis
366 2611 445 2670 inter
459 2627 509 2670 eas
524 2609 744 2691 offensionibus,
757 2613 827 2689 quia
841 2610 974 2672 Sextium
984 2611 1162 2678 Africanum

146 2698 274 2758 nobilem
289 2702 424 2761 iuvenem
439 2716 455 2758 a
468 2700 581 2778 nuptiis
596 2696 711 2759 Silanae
725 2698 912 2761 deterruerat
924 2699 1104 2786 Agrippina,
1118 2707 1161 2766 in·

145 2786 283 2865 pudicam
306 2795 336 2848 et
358 2795 529 2865 vergentem
553 2788 638 2847 annis
661 2787 812 2868 dictitans,
839 2804 899 2849 non
927 2796 962 2849 ut
983 2789 1160 2855 Africanum

106 2888 133 2927 ιο
147 2873 204 2934 sibi
222 2883 392 2955 seponeret,
413 2876 464 2936 scd
478 2893 516 2936 nc
531 2875 637 2954 opibus
651 2882 681 2936 et
695 2875 821 2938 orbitate
837 2876 951 2938 Silanae
965 2880 1094 2942 maritus
1108 2901 1159 2962 po·
1195 2951 1196 2957 1

146 2970 268 3025 teretur.
304 2962 353 3022 illa
372 2980 425 3041 spe
445 2963 566 3024 ultionis
585 2962 680 3025 oblata
697 2973 782 3043 parat
801 2974 989 3027 accusatores
1008 2984 1046 3027 ex
1066 2968 1158 3031 clieu·
1195 2961 1196 3008 l

146 3052 225 3114 tibus
245 3052 320 3131 suis,
338 3050 465 3113 Iturium
480 3062 509 3113 et
524 3052 694 3132 Calvisium,
714 3071 773 3113 uon
792 3062 892 3115 vetera
910 3061 942 3115 et
960 3058 1081 3134 saepius
1099 3061 1159 3120 iam

218 3223 263 3290 18,
283 3230 300 3278 4
328 3221 433 3276 scelere
448 3223 486 3291 18
515 3223 653 3294 corripere
680 3222 816 3294 Lipsius!
833 3231 866 3279 tt
890 3223 958 3279 olim
984 3227 1046 3280 tum
1073 3229 1160 3284 idem:

147 3294 262 3350 solitum
278 3296 282 3361 1
299 3300 332 3349 13
350 3308 439 3362 nuper
458 3294 576 3348 eundem
594 3295 624 3349 in
637 3295 787 3351 Bittieber:
806 3311 889 3367 super
904 3296 1024 3351 eundem
1039 3300 1045 3364 1
1061 3304 1097 3353 14
1112 3299 1160 3354 de·

146 3365 228 3434 gredi
246 3366 372 3421 Ernesti:
397 3363 508 3434 digredi
523 3372 526 3421 Ι
544 3372 576 3421 16
594 3363 727 3435 proaviae
746 3368 798 3436 (vel
815 3365 907 3438 uriae)
925 3365 1068 3425 Anunim
1085 3368 1160 3440 Νὴ)

141 3438 244 3506 perdep
260 3439 264 3504 1
281 3437 325 3503 19,
345 3442 361 3491 2
386 3435 470 3490 nixae
488 3435 616 3505 Lipsius:
641 3435 708 3490 nixo
723 3440 728 3502 1
743 3443 761 3491 4
779 3438 916 3492 incertum
939 3439 974 3494 al.
994 3438 1030 3507 cs.
1049 3444 1094 3509 11,
1115 3445 1134 3496 9
1154 3441 1158 3516 1

145 3504 227 3560 lunio
244 3508 371 3576 Lipsius:
390 3506 478 3574 iulio!
497 3515 529 3563 11
549 3524 598 3578 spe
617 3505 734 3561 ultionis
752 3509 834 3564 idem:
854 3508 1054 3578 speculationis
