2408 3870
147 173 213 237 286
498 170 667 227 CORNELII
684 170 802 227 ΤΑΟΙΤΙ

148 294 210 381 fbrs
228 321 375 382 obtulerat
392 320 545 381 travalibus
559 320 626 381 telis
641 321 809 381 coniicitur:
829 321 989 401 Agrippina
1005 321 1103 382 silens
1119 343 1166 385 eo-

148 428 206 488 quc
215 411 314 470 minus
323 410 440 488 adgnita
451 402 559 491 (unum
570 418 667 469 tamen
677 409 784 469 vulnus
795 428 898 471 umero
909 403 1043 492 excepit)
1053 413 1165 493 nando,

107 514 134 553 ro
148 497 253 559 deinde
268 517 394 560 occursu
410 497 636 558 lenunculorum
651 497 813 559 Lucrinum
828 500 858 559 in
873 499 968 560 lacum
979 509 1065 560 vecta
1077 501 1164 562 villae

147 604 217 648 suae
231 587 366 648 infertur.

215 673 244 737 6.
262 674 324 736 lllic
344 682 485 753 reputans
504 674 570 736 ideo
586 693 617 735 se
631 674 786 737 fallacibus
800 675 908 736 litteris
923 679 1048 736 accitam
1063 685 1098 738 et
1108 678 1163 738 ho·

146 782 220 825 nore
234 766 393 843 praecipuo
404 762 544 844 habitam,
558 763 696 842 quodque
710 763 781 824 litus
796 766 885 844 iuxta,
900 782 958 825 non
973 767 1072 826 ventis
1088 774 1161 846 acta,

147 871 206 913 non
227 855 305 912 saxis
319 851 435 931 inpulsa
449 853 532 913 navis
547 870 661 912 summa
676 853 723 913 sui
736 860 820 930 parte
835 852 926 913 veluti
940 860 1088 915 terrestre
1102 873 1160 915 ma·

148 940 367 1002 chinamentnm
382 940 569 1021 concidisset,
584 940 744 1001 observans
758 943 845 1001 ctiam
856 942 1034 1003 Acerroniae
1044 961 1161 1024 necem,

121 1047 133 1085 5
148 1028 235 1089 simul
245 1046 332 1088 suum
343 1028 450 1104 vulnus
459 1030 615 1109 aspiciens,
629 1029 724 1090 solum
733 1029 907 1091 insidiarum
917 1030 1085 1092 remedium
1095 1049 1161 1092 esse

147 1121 252 1190 sensit,
272 1119 375 1178 sinon
394 1117 650 1199 intellegerentur3
669 1119 808 1197 misitque
827 1118 967 1179 libertum
986 1119 1160 1201 Agerinum,

148 1207 200 1284 qui
214 1208 364 1266 nuntiaret
379 1206 438 1266 tilio
453 1205 633 1285 benignitate
649 1206 737 1267 deum
755 1214 785 1268 et
804 1208 921 1268 lortona
942 1209 1008 1268 eius
1028 1211 1160 1270 evasisse

148 1312 265 1372 gravem
285 1310 400 1376 casum;
419 1313 504 1357 orare
524 1302 557 1355 ut
575 1296 709 1374 quamvis
726 1295 859 1373 periculo
878 1297 981 1356 matris
995 1300 1160 1358 exterritus

148 1383 261 1443 visendi
280 1400 382 1445 curam
401 1383 546 1464 dilierret3
565 1383 623 1444 eibi
636 1383 672 1443 ad
686 1401 828 1461 praesens
842 1386 942 1462 quiete
956 1403 1040 1463 opus.
1070 1395 1160 1466 atque

108 1489 133 1528 ro
147 1473 267 1532 interim
289 1474 448 1533 securitate
470 1471 605 1532 simulata
626 1472 819 1532 medicamina
841 1473 956 1533 rirlneri
977 1480 1008 1533 et
1028 1474 1161 1536 tomenta

148 1562 267 1639 corpori
289 1555 422 1642 adbibet3
450 1567 659 1621 testamentum
683 1560 861 1621 Acerroniae
883 1564 998 1640 requiri
1021 1560 1160 1643 bonaque

148 1649 299 1727 obsignari
312 1649 408 1729 iubet,
422 1648 452 1709 id
468 1656 583 1710 tantum
597 1666 657 1709 non
671 1667 725 1727 per
740 1648 965 1710 simulationem.

215 1735 243 1798 7.
257 1737 295 1798 At
309 1737 420 1797 Neroni
433 1739 554 1799 nuntios
568 1740 675 1816 patrati
690 1737 829 1798 facinoris
843 1740 1010 1817 opperienti
1024 1739 1162 1802 adfertur

147 1827 275 1887 evasisse
296 1828 358 1887 ictu
377 1826 435 1886 leri
454 1828 583 1887 sauciam
602 1834 632 1886 et
649 1824 793 1886 hactenus
814 1826 893 1886 adito
914 1826 1104 1910 discrimine,
1124 1848 1161 1891 ne

147 1922 258 1976 auctor¹
270 1914 465 1976 dubitaretur.
493 1921 556 1975 tum
575 1933 682 1994 pavore
702 1916 845 1975 exanimis
859 1923 889 1975 et
902 1917 960 1975 iarn
974 1917 1096 1995 iamque
1111 1918 1161 1978 ad-

147 2004 211 2063 iore
230 2003 381 2063 obtestans
400 2001 546 2063 vindictae
564 2021 734 2082 properam,
754 2004 816 2063 sive
835 2005 954 2064 servitia
969 2012 1102 2067 armaret
1116 2007 1161 2067 vel

120 2108 132 2147 s
147 2091 270 2151 militem
291 2090 478 2169 accenderet,
497 2092 559 2150 sire
573 2091 608 2150 ad
625 2098 760 2151 senatum
774 2099 804 2150 et
817 2091 959 2170 populum
973 2088 1162 2176 pirraderet,

147 2179 333 2257 naufragium
352 2186 382 2238 et
400 2177 508 2238 vulnus
526 2185 556 2239 et
575 2179 747 2240 interiectos
761 2182 871 2241 amicos
890 2179 1059 2242 obiciendo:
1080 2185 1161 2262 qood

147 2276 249 2327 contra
260 2265 425 2327 subsidium
436 2263 514 2328 sibi?
528 2269 587 2328 nisi
596 2267 666 2347 quid
677 2267 792 2329 Burrus
802 2276 831 2329 et
842 2267 963 2350 Seneca3
972 2286 1048 2347 quos
1059 2274 1162 2333 statim

147 2358 306 2436 acciverat,
335 2358 495 2436 incertum,
523 2359 679 2435 experiens
702 2375 739 2417 an
762 2364 793 2417 et
815 2365 883 2418 ante
906 2374 1023 2436 gnaros.
1066 2361 1161 2439 igitur

147 2444 266 2523 longum
289 2446 446 2523 utriusque
468 2445 632 2526 silentium,
656 2464 694 2506 no
715 2447 799 2506 inriti
819 2445 1040 2526 dissuaderent,
1064 2467 1104 2509 an
1126 2469 1161 2510 eo

108 2530 132 2588 '10
147 2535 324 2596 descensum
342 2534 511 2615 credebant,
526 2542 571 2609 ut,
590 2537 648 2595 nisi
662 2536 886 2614 praeveniretur
898 2535 1074 2616 Agrippina,
1093 2556 1161 2617 per·

147 2624 277 2685 eundum
291 2622 402 2683 Neroni
422 2629 509 2683 esset.
537 2633 605 2702 post
627 2622 739 2684 Seneca
762 2620 906 2685 hactenus
924 2626 1109 2707 promptius,
1127 2633 1162 2688 ut

146 2714 309 2790 respiceret
323 2711 451 2772 Burrum
466 2730 500 2772 ac
514 2713 729 2789 sciscitaretur,
747 2728 785 2770 an
803 2711 890 2772 militi
908 2712 1081 2792 imperanda
1096 2733 1160 2776 cae-

147 2800 200 2859 des
218 2807 304 2861 esset.
338 2799 386 2859 ille
404 2796 608 2878 praetorianos
627 2803 681 2861 toti
700 2799 858 2861 Caesarum
877 2800 979 2861 domui
996 2800 1160 2864 obstrictos

217 2953 243 3018 ὅ,
266 2958 297 3006 19
322 2952 437 3022 excepit.
457 2950 550 3006 nendo
568 2953 663 3022 culpo,
688 2953 788 3007 radius
809 2954 984 3023 interpunxit
1006 2952 1106 3010 Wurm
1128 2959 1160 3011 in

147 3021 246 3077 Philet,
267 3026 366 3089 9,103
387 3024 433 3092 16,
453 3029 468 3077 6
492 3021 581 3076 sensit
599 3024 662 3078 add.
680 3022 878 3095 Beraenbnper
902 3024 907 3093 Ι
932 3030 947 3079 't
976 3023 1101 3080 evasisse
1130 3042 1159 3081 se

147 3093 281 3148 Heinsius
296 3094 301 3162 1
318 3093 343 3160 7,
363 3100 378 3148 2
398 3092 560 3147 discrimine
583 3095 681 3147 auctor
703 3091 866 3163 dubitaret!
883 3100 898 3149 i
912 3099 977 3164 post
995 3093 1104 3150 Seneca
1122 3103 1160 3153 est

147 3167 179 3219 in
197 3164 271 3219 Med.
291 3179 458 3233 expergens,
485 3166 564 3219 cuius
586 3165 642 3219 ioco
664 3166 775 3234 scripsit
794 3165 931 3220 Pictanus
952 3167 1057 3221 unicus
1076 3184 1160 3237 expe-

148 3234 249 3302 dirent,
262 3236 433 3305 transposuit
446 3233 632 3304 inexperiens
642 3235 993 3306 omrectudelfflinpost
1006 3235 1158 3304 incertum

142 3309 229 3376 plane
247 3311 319 3361 certa
336 3307 388 3361 loci
401 3307 551 3361 emendatio
563 3307 686 3362 nondum
698 3307 811 3362 inuenta
824 3313 862 3362 est
877 3309 882 3375 Ι
898 3312 913 3361 8
928 3323 1031 3377 gnaros
1045 3311 1161 3378 quidum

147 3379 179 3432 in
201 3378 324 3446 mospius
343 3376 533 3446 Gryphianus:
560 3374 674 3446 ignaros
703 3378 776 3445 (fort.
799 3377 857 3431 iam
882 3394 998 3447 gnaros,
1027 3395 1064 3433 un
1094 3383 1160 3434 ante

147 3447 262 3517 ignaros
279 3447 402 3514 Etrurii)
427 3447 432 3516 Ι
458 3454 491 3501 10
510 3449 542 3501 ut
563 3465 613 3504 orn.
639 3449 643 3520 Ι
670 3454 701 3503 11
725 3446 864 3518 prompsit
881 3448 1006 3504 Heracus
1021 3451 1026 3520 1
1042 3452 1076 3503 ut
1094 3453 1160 3507 odd.

147 3519 298 3574 Dd'derlein
313 3519 317 3586 Ι
335 3524 367 3573 12
386 3533 419 3572 eo
438 3516 619 3586 siscitnretnr,
638 3520 702 3588 fort.
721 3517 802 3587 quasi
821 3517 1012 3574 sciscitaretur
