2408 3870
123 182 186 246 194
471 179 642 236 CORNELII
659 179 776 235 ructui

119 330 181 390 hat:
201 332 310 408 quippe
329 329 450 389 illinon
470 329 593 408 perinde
612 347 701 390 curae
716 331 808 408 gratia
823 329 1026 407 praesentium
1041 347 1133 407 quam

79 432 104 470 10
118 421 149 479 in
163 426 300 497 posteros
314 417 444 478 ambitio.
472 435 540 478 mcx
553 419 687 478 incertus
701 418 804 496 animi,
819 417 897 477 fesso
912 435 1046 496 corpore,
1061 435 1131 477 con-

118 507 225 586 silium,
240 508 289 567 cui
303 509 397 585 impar
412 512 484 586 erat,
498 507 557 566 lato
568 508 712 587 permisit,
725 507 811 566 iactis
820 512 919 565 tamen
929 504 1061 585 vocibus,
1075 523 1134 584 per

118 614 191 675 quas
205 594 428 674 intellegeretur
437 594 579 672 providus
589 594 771 674 futurorum,
786 612 913 672 namque
923 592 1055 654 blacroni
1070 611 1132 654 non

117 684 216 744 abdita
234 683 355 761 ambage
374 682 559 743 occidentem
578 682 614 743 ab
638 700 673 742 eo
696 683 808 762 deseri,
831 684 977 742 orientem
1000 684 1132 760 spectari

117 771 313 851 exprobravit.
346 778 376 831 et
394 770 465 830 Gaio
484 771 614 850 Caesari,
635 771 711 830 forte
730 778 795 831 orto
815 788 951 831 sermone
970 769 1002 830 L.
1018 770 1132 831 Sullam

77 874 103 913 15
117 861 272 940 inridenti,
292 861 389 920 omnia
404 857 501 919 Sullae
520 860 590 918 vitia
604 868 635 918 et
649 858 758 919 nullam
777 859 910 920 eiusdem
924 860 1066 919 virtutem
1081 859 1130 920 ha-

117 948 249 1010 biturum
267 946 423 1026 praedixit.
460 946 548 1007 simul
566 945 680 1007 crebris
699 966 766 1008 cum
785 947 915 1008 lacrimis
934 949 1079 1008 minorem
1093 966 1131 1008 ex

117 1036 274 1115 nepotibus
289 1034 463 1115 conplexus,
482 1037 561 1096 truci
579 1034 701 1096 alterius
721 1035 817 1115 vultu,
836 1031 966 1096 ‘occides
983 1035 1064 1096 hunc
1083 1031 1131 1096 tu'

117 1127 214 1203 inquit
234 1120 275 1184 ‘et
293 1132 322 1184 te
342 1119 437 1184 alius’
467 1123 519 1184 sed
538 1131 729 1203 gravescente
748 1123 915 1184 valetudine
935 1123 1007 1183 nihil
1027 1142 1044 1184 e
1063 1124 1129 1185 libi-

117 1213 236 1274 dinibus
251 1211 413 1293 omittebat,
426 1214 458 1272 in
472 1213 614 1291 patientia
629 1212 841 1273 firmitudinem
855 1210 996 1273 simulans
1011 1211 1131 1274 solitus·

77 1314 103 1353 20
118 1320 175 1380 que
190 1301 310 1361 eludere
325 1300 510 1361 medicorum
523 1309 602 1362 artes
617 1309 706 1380 atque
721 1319 780 1382 eos,
795 1303 847 1380 qui
861 1308 929 1379 post
943 1302 1131 1362 tricesimum

117 1392 221 1450 aetatis
240 1407 350 1450 annum
368 1391 405 1451 ad
423 1389 650 1452 internoscenda
669 1391 788 1468 corpori
807 1407 860 1449 suo
880 1388 964 1449 utilia
983 1388 1027 1448 vel
1041 1392 1129 1449 noxia

117 1478 206 1539 alieni
219 1478 336 1539 consilii
349 1479 526 1557 indigerent.

183 1565 234 1629 47.
252 1567 376 1628 Interim
389 1567 498 1627 Romae
512 1567 622 1628 tuturis
636 1568 725 1627 etiam
739 1574 807 1646 post
821 1565 974 1631 'liberium
988 1565 1129 1626 caedibus

117 1658 229 1717 semina
243 1654 434 1717 iaciebantur.
458 1654 575 1715 Laelius
589 1653 698 1715 Ralbus
712 1655 856 1733 Acutiam,
869 1654 901 1715 P.
911 1652 1020 1715 Vitellii
1035 1673 1129 1735 quon·

117 1745 183 1806 dam
193 1763 325 1824 uxorem,
340 1745 501 1805 maiestatis
514 1743 727 1824 postulaverat3
741 1762 799 1823 qua
812 1744 949 1804 damnata
962 1760 1030 1804 cum
1044 1760 1128 1821 prae·

117 1835 210 1894 mium
229 1833 395 1893 accusatori
413 1831 638 1911 decerneretur,
656 1831 759 1892 lunius
774 1830 850 1892 Otho
871 1831 1010 1893 tribunus
1030 1830 1128 1910 plebel
1191 1881 1197 1890 .

90 1923 299 2002 ⁵intercessit,
319 1920 397 1981 unde
416 1919 474 1980 illis
493 1920 573 1999 odia,
592 1938 660 1980 mox
679 1919 788 1981 Othoni
807 1921 938 1981 exitium.
966 1920 1035 1981 dein
1053 1920 1126 1980 mul-

117 2017 217 2070 torum
231 2008 381 2069 amoribus
395 2008 505 2068 famosa
519 2006 675 2087 Albucilla,
695 2011 744 2070 cui
758 2010 978 2070 matrimonium
993 2026 1061 2069 cum
1077 2008 1126 2069 Sa·

118 2101 175 2157 trio
191 2096 327 2157 Secundo
347 2097 560 2157 coniurationis
578 2096 675 2156 indice
694 2097 804 2178 luerat,
823 2097 957 2158 defertur
975 2098 1127 2177 inpietatis

117 2188 149 2246 in
166 2187 345 2264 principem3
364 2182 596 2245 conectebantur
614 2192 648 2245 ut
666 2187 778 2247 conscii
797 2193 827 2247 et
845 2185 972 2246 adulteri
990 2188 1054 2246 eius
1075 2185 1127 2247 Cn.

118 2274 275 2352 Domitius,
294 2271 396 2333 Vibius
414 2271 543 2352 Marsus,
566 2271 598 2333 t.
617 2273 784 2335 Arruntius.
822 2273 859 2334 de
878 2273 1053 2336 claritudine
1072 2274 1127 2335 llo·

78 2375 104 2413 1⁰
118 2365 194 2423 mitii
213 2380 302 2441 supra
322 2363 492 2442 memoravi,
510 2360 625 2421 Marsus
644 2380 763 2442 quoque
781 2365 906 2424 vetustis
919 2361 1083 2424 honoribus
1097 2371 1128 2425 et

118 2451 252 2512 inlustris
271 2449 378 2510 studiis
396 2457 467 2510 erat.
504 2449 555 2510 sed
574 2453 695 2511 testium
713 2453 952 2534 interrogationi,
970 2452 1127 2512 tormentis

118 2557 272 2601 servorum
295 2537 464 2599 Macronem
486 2539 672 2617 praesedisse
700 2541 905 2600 commentarii
931 2538 968 2599 ad
991 2548 1127 2601 senatum

118 2631 201 2690 missi
215 2627 357 2707 ferebant,
371 2626 527 2707 nullaeque
541 2629 573 2688 in
587 2645 638 2688 eos
651 2629 839 2707 imperatoris
851 2627 968 2688 litterae
983 2630 1127 2707 suspicio-

118 2735 187 2777 nem
211 2717 331 2795 dabant,
353 2715 480 2777 invalido
503 2734 536 2776 ac
560 2717 684 2777 fortasse
707 2718 810 2795 ignaro
833 2716 901 2777 ficta
923 2714 1064 2796 pleraque
1089 2715 1127 2776 ob

79 2818 104 2856 1⁵
119 2807 287 2865 inimicitias
301 2803 449 2865 Macronis
461 2811 545 2865 notas
558 2807 590 2864 in
604 2804 786 2866 Arruntium.

185 2890 236 2953 48.
255 2892 348 2971 Igitur
362 2892 506 2953 Domitius
525 2893 727 2953 defensionem
745 2893 902 2973 meditans,
921 2891 1036 2954 Marsus
1054 2900 1126 2954 tam·

120 3001 207 3062 quam
235 2980 362 3041 inediam
385 2981 603 3061 destinavisset,
628 2980 797 3060 produxere
824 2977 928 3042 vitam:
957 2980 1126 3060 Arruntius,

119 3071 338 3132 cunctationem
357 3076 387 3130 et
404 3087 502 3130 moras
521 3068 713 3130 suadentibus
732 3071 847 3150 amicis,
865 3086 926 3130 nou
944 3069 1047 3131 cadem
1065 3088 1126 3130 om·

119 3159 207 3221 nibus
222 3158 329 3220 decora
343 3157 509 3237 respondit:
528 3156 585 3218 sibi
599 3160 670 3218 satis
684 3160 801 3240 aetatis,
819 3175 916 3238 neque
935 3156 1014 3218 aliud
1028 3159 1127 3237 paeni·

92 3259 105 3298 5
120 3248 256 3328 tendum,
276 3263 364 3326 quam
383 3245 461 3325 quod
479 3248 557 3306 inter
576 3244 702 3307 ludibria
721 3254 752 3307 et
768 3245 900 3326 pericula
914 3247 1030 3307 anxiam
1044 3263 1127 3307 sene-

191 3453 236 3519 47,
252 3457 267 3506 2
286 3451 388 3505 lectius
404 3452 409 3520 Ι
426 3449 573 3507 herilium
586 3452 755 3522 Nipperdey:
773 3449 890 3511 ,exilium
906 3453 910 3524 l
928 3455 960 3506 12
978 3449 1128 3520 praesidiis

121 3537 151 3576 se
167 3525 171 3588 Ι
187 3521 233 3588 48,
253 3527 268 3575 5
286 3520 455 3590 periculnrie
