2392 3876
283 186 332 242 AB
350 185 510 245 Excusso
527 185 684 244 AUGUSTI
701 187 747 243 IV.
767 194 880 244 33-36.
1017 189 1079 253 141

71 339 151 401 hunc
165 337 290 401 Brutum
303 355 450 416 nusquam
462 336 593 399 latrones
607 343 638 398 et
650 337 823 422 parricidas,
845 355 920 416 quae
938 355 1018 399 nunc
1032 355 1081 399 vo·

72 427 177 488 cabula
193 429 389 508 inponuntur,
410 443 498 505 saepe
516 432 551 487 ut
567 427 693 504 insignis
712 427 791 486 viros
810 428 950 487 nominat.
986 425 1082 488 Asinii

71 516 213 577 Pollionis
223 518 333 595 scripta
343 517 491 594 egregiam
501 513 665 574 eorundem
673 516 847 575 memoriam
858 514 993 596 tradunt,
1007 514 1081 575 liles-

72 605 143 666 salla
161 603 306 666 Corvinus
328 607 538 683 imperatorem
561 620 649 664 suum
668 601 803 663 Cassium
824 601 1028 682 praedicabat:
1051 609 1082 664 et

71 703 199 773 uterque
213 693 319 774 opibus
333 701 422 771 atque
435 690 599 753 honoribus
612 693 797 770 perviguere.
824 691 918 753 Marci
928 689 1082 752 Ciceronis
1096 709 1122 752 ao

71 782 158 864 Bhro,
176 800 235 861 quo
253 779 394 842 Catonem
413 781 493 842 caelo
511 781 660 861 aequarit,
679 779 751 858 quid
769 778 848 842 aliud
867 780 993 842 dictator
1012 779 1082 841 Cae·

72 890 121 932 sar
135 889 224 950 quam
238 872 383 948 rescripta
401 871 546 949 oratione,
564 867 646 929 velut
664 868 742 947 apud
760 869 888 950 iudices,
907 868 1082 947 respondit?

72 961 194 1020 Antonii
207 956 365 1038 epistulae,
384 956 470 1018 Bruti
484 959 637 1018 contiones
650 957 721 1018 falsa
736 957 856 1035 quidem
870 959 902 1018 in
915 957 1082 1035 Augustum

72 1047 195 1126 probra,
215 1053 261 1106 set
278 1046 370 1106 multa
388 1063 456 1107 cum
475 1043 635 1107 acerbitate
655 1044 778 1127 habent3
801 1047 931 1108 carmina
948 1043 1083 1106 Bibaculi

73 1144 104 1196 et
124 1134 231 1195 Catulli
248 1135 358 1196 relenta
380 1133 567 1196 contumeliis
586 1133 745 1194 Caesarum
767 1133 920 1212 leguntur:
943 1134 995 1195 sed
1018 1137 1083 1213 ipse
1096 1150 1123 1194 ro

73 1224 158 1285 divus
172 1223 278 1304 lulius,
297 1225 360 1302 ipse
380 1224 465 1285 divus
478 1221 630 1301 Augustus
649 1230 679 1282 et
701 1221 797 1283 tulere
810 1214 868 1284 ista
881 1230 912 1283 et
924 1222 1083 1303 reliquere,

72 1312 152 1373 haud
170 1312 255 1375 lacile
274 1312 412 1391 dixerim,
430 1310 632 1372 moderatione
650 1311 744 1388 magis
762 1328 800 1371 an
818 1313 970 1389 sapientia.
1002 1328 1083 1372 nam·

74 1419 132 1479 que
147 1408 247 1477 spreta
261 1399 444 1461 exolescunt:
459 1401 485 1460 si
499 1401 636 1478 irascare,
650 1398 768 1476 adgnita
782 1394 940 1460 videntur?

141 1484 193 1550 35.
222 1483 298 1548 ‘Non
317 1489 428 1565 attingo
447 1485 587 1565 Graecos,
610 1504 738 1565 quorum
760 1504 820 1547 non
842 1486 929 1547 modo
953 1486 1083 1568 libertas,

74 1578 163 1637 etiam
177 1574 268 1636 libido
283 1577 440 1656 impunita,
459 1582 511 1636 aut
528 1577 554 1635 si
568 1576 635 1653 quis
650 1574 784 1654 advertit,
808 1574 896 1635 dictis
910 1573 989 1635 dicta
1004 1573 1083 1634 ultus

74 1672 128 1726 est.
156 1664 209 1725 sed
223 1665 349 1724 maxime
363 1663 493 1724 solutum
507 1671 538 1723 et
552 1665 616 1724 sine
626 1661 825 1728 obtrectatore
840 1663 897 1724 luit
909 1661 1036 1741 prodere
1048 1662 1084 1723 de

74 1756 120 1833 iis,
135 1771 210 1832 qnos
224 1769 305 1814 mors
319 1752 386 1813 odio
401 1760 452 1812 aut
465 1754 575 1829 gratiae
590 1753 754 1813 exemisset.
783 1769 856 1814 num
870 1753 949 1812 enim
964 1753 1084 1811 armatis

74 1842 175 1903 Cassio
198 1849 229 1902 et
250 1840 343 1902 Bruto
366 1859 400 1901 ac
418 1839 623 1920 Philippenses
645 1858 765 1920 campos
788 1839 992 1920 optinentibus
1015 1838 1111 1901 bellis

73 1930 168 1992 civilis
183 1947 271 1992 causa
284 1928 428 2008 populum
441 1946 496 2008 per
509 1931 664 1990 contiones
682 1925 829 1991 incendo?
847 1947 884 1990 an
903 1928 946 1989 illi
964 1928 1085 2007 quidem

73 2020 349 2098 septuagensimum
362 2026 430 2079 ante
448 2035 558 2079 annum
576 2020 711 2098 peremti,
730 2036 789 2097 quo
803 2018 891 2079 modo
907 2016 1085 2096 imaginibus

73 2110 137 2168 suis
155 2114 332 2186 noscuntur,
352 2125 426 2186 quas
444 2125 481 2167 ne
497 2108 594 2167 victor
609 2107 729 2186 quidem
743 2106 882 2187 abolevit,
906 2108 949 2167 sic
970 2113 1085 2184 partem

73 2198 233 2256 memoriae
247 2195 324 2273 apud
335 2197 497 2274 scriptores
505 2192 657 2256 retinent?
670 2213 759 2257 suum
769 2197 877 2275 cuique
887 2195 979 2257 decus
987 2200 1085 2274 poste·

73 2287 147 2344 ritas
161 2284 311 2365 rependit3
325 2302 380 2344 nec
390 2284 524 2364 deerunt,
538 2286 565 2344 si
575 2284 721 2345 damnatio
731 2286 853 2366 ingruit,
867 2285 988 2363 quinon
998 2282 1085 2343 modo
1100 2300 1125 2340 ιο

74 2373 168 2434 Cassii
186 2379 217 2432 et
233 2372 328 2452 Bruti,
351 2381 398 2434 set
415 2375 504 2434 etiam
524 2373 585 2433 mei
606 2367 816 2433 meminerint?
854 2389 993 2451 egressus
1016 2371 1086 2432 dein

74 2470 180 2522 senatu
199 2463 288 2522 vitam
306 2460 484 2522 abstinentia
501 2460 604 2520 finivit.
636 2459 729 2521 libros
747 2478 801 2540 per
819 2459 930 2520 aediles
953 2476 1086 2519 creman-

74 2549 129 2610 dos
148 2566 292 2610 censuere
310 2557 423 2628 patres:
446 2556 492 2608 set
510 2556 695 2629 manserunt,
715 2547 855 2610 occultati
873 2555 904 2607 et
918 2546 998 2607 editi.
1027 2564 1085 2625 quo

74 2639 169 2714 magis
183 2636 348 2697 socordiam
362 2653 466 2696 corum
480 2634 611 2696 inridere
624 2634 705 2716 libet,
725 2638 777 2715 qui
790 2636 941 2715 praesenti
954 2636 1086 2712 potentia

75 2724 204 2785 credunt
217 2725 349 2801 extingui
363 2740 450 2800 posse
465 2724 553 2783 etiam
566 2726 719 2803 sequentis
733 2725 797 2784 aevi
810 2724 990 2784 memoriam.
1018 2741 1087 2784 nam
1101 2740 1127 2781 15
1171 2739 1174 2747 ·

76 2818 180 2873 contra
194 2813 306 2889 punitis
320 2813 446 2889 ingeniis
462 2810 561 2890 gliscit
574 2813 743 2891 auctoritas,
758 2829 855 2891 neque
872 2811 951 2873 aliud
971 2814 1087 2873 externi

75 2917 162 2979 reges
177 2907 228 2961 aut
242 2901 294 2978 qui
312 2900 414 2961 eadem
435 2901 555 2961 saevitia
575 2902 621 2962 usi
639 2908 723 2982 sunt,
744 2901 803 2962 uisi
821 2901 950 2964 dedecus
968 2901 1027 2962 sibi
1045 2907 1086 2962 at·

76 3007 134 3069 que
148 2987 207 3050 illis
221 2987 345 3068 gloriam
358 3005 510 3068 peperere.

142 3075 194 3140 36.
217 3077 356 3139 Ceterum
374 3077 559 3156 postulandis
576 3079 637 3139 reis
656 3084 715 3139 tam
734 3079 894 3140 continuus
912 3095 1007 3140 annus
1022 3078 1086 3158 luit,

75 3177 110 3228 ut
123 3166 265 3228 feriarum
279 3165 451 3227 Latinarum
465 3165 570 3227 diebus
584 3166 767 3247 praefectum
781 3167 865 3229 urbis
879 3165 1017 3246 Drusum,
1037 3183 1086 3226 au-

147 3317 193 3387 tt,
215 3326 247 3374 16
265 3318 434 3373 uocabulum
451 3319 594 3390 ponuntur
609 3321 613 3386 1
632 3324 663 3374 11
678 3317 805 3388 insignit
821 3325 856 3374 20
871 3317 970 3386 opibus
984 3315 1087 3373 Acida-

75 3390 143 3446 liae:
163 3389 317 3460 opibusque
337 3389 449 3461 (opibus
469 3405 557 3458 eoque
571 3390 729 3459 Dd'derleia)
747 3393 751 3460 Ι
768 3396 802 3446 16
815 3386 974 3456 relinquare
991 3393 994 3455 Ι
1010 3388 1088 3455 {ibt

75 3460 150 3516 enim
168 3477 229 3518 aas:
249 3477 313 3515 eum
338 3464 342 3529 Ι
367 3465 384 3515 8
401 3477 437 3516 ne
456 3461 503 3520 Jo.
517 3459 569 3516 Fr.
587 3459 754 3516 Gronovius:
772 3475 825 3514 nac
849 3462 855 3529 Ι
880 3465 914 3514 10
930 3459 1089 3530 rependunt

59 3547 127 3586 -nec
146 3531 267 3602 darunt!
286 3538 318 3588 18
337 3533 381 3587 aet
398 3531 526 3603 Lipsius:
546 3532 594 3602 etl
612 3537 646 3587 14
664 3529 793 3586 socordia
