2392 3876
133 172 174 237 76
482 171 652 229 CORNELII
669 171 789 228 ructui

132 339 199 390 sum
217 321 418 403 Rhescuporis
441 322 594 402 arguebat,
618 321 813 399 Pomponium
835 319 986 400 Flaccum,
1010 327 1143 382 veterem

132 412 287 491 stipendiis
302 419 333 473 et
346 419 409 472 arta
423 429 492 474 oum
505 428 576 488 rege
589 411 717 470 amicitia
738 427 832 488 eoque
846 409 1143 472 accommodatiorem

132 500 168 561 ad
182 499 357 580 fallendum,
371 500 409 561 ob
423 500 453 560 id
467 501 593 560 maxime
607 497 735 559 Moesiae
749 498 900 576 praefecit.

198 586 249 650 67.
269 588 392 650 Flaccus
409 589 441 649 in
455 587 627 648 Thraeciam
645 594 849 665 transgressus
862 605 917 665 per
929 588 1060 665 ingentia
1073 604 1143 666 pro·

131 679 222 738 missa
241 679 374 756 quamvis
393 677 563 755 ambiguum
582 684 612 735 et
631 674 742 736 scelera
761 693 814 735 sua
832 683 1018 753 reputantem
1033 694 1143 755 perpu-
1163 700 1165 702 ·

131 764 166 827 lit
179 774 213 825 ut
226 765 374 844 praesidia
387 765 517 825 Romana
530 766 664 825 intraret.
687 764 868 824 circumdata
880 763 951 824 hinc
964 766 1029 842 regi
1042 768 1142 842 specie

131 853 253 914 honoris
278 852 373 915 valida
394 871 512 934 manus,
535 851 707 931 tribunique
726 860 756 912 et
773 854 962 913 centuriones
984 854 1144 932 monendo,
1176 886 1183 898 ·

104 957 117 996 s
132 940 296 1021 suadendo,
315 948 345 1020 ot
362 949 473 1022 quanto
491 941 608 1019 longius
627 939 853 1020 abscedebatur,
876 943 1024 1019 apertiore
1043 950 1143 1002 custo·

131 1029 187 1110 dia,
201 1036 352 1110 postremo
366 1049 492 1109 gnarum
505 1031 691 1090 necessitatis
705 1031 736 1089 in
751 1028 856 1089 urbem
870 1038 996 1091 traxere.
1023 1048 1142 1091 accusa-

131 1125 181 1178 tus
195 1120 226 1179 in
240 1126 344 1179 senatu
360 1118 396 1179 ab
411 1136 503 1179 uxore
518 1117 617 1196 Cotyis
631 1118 799 1196 damnatur,
819 1125 852 1178 ut
870 1117 974 1196 procul
993 1136 1085 1196 regno
1101 1127 1142 1178 te-

131 1215 261 1268 neretur.
299 1206 442 1269 Thraecia
465 1209 496 1268 iu
514 1205 745 1267 Rhoemetalcen
769 1206 873 1285 hlium,
898 1224 986 1284 quem
1009 1209 1143 1284 paternis

131 1295 265 1357 consiliis
275 1295 462 1357 adversatum
473 1294 635 1373 constabat,
649 1296 739 1373 inque
753 1294 864 1354 liberos
876 1293 976 1373 Cotyis
986 1294 1143 1375 dividitur-3

16 1368 27 1391 ‘
91 1399 118 1438 ιο
131 1385 227 1462 iisque
250 1384 384 1446 nondum
404 1385 514 1446 adultis
533 1382 727 1444 Trebellenus
745 1382 840 1443 Rufus
863 1390 1002 1461 praetura
1019 1384 1143 1455 iunctus

131 1472 227 1553 datur,
243 1475 295 1552 qui
308 1491 434 1552 regnum
448 1475 567 1535 interim
582 1480 732 1551 tractaret,
746 1471 879 1549 exemplo
893 1490 953 1549 quo
967 1474 1095 1532 maiores
1104 1472 1143 1533 M.

58 1556 67 1572 ‘
130 1561 277 1641 Lepidum
295 1561 457 1624 Ptolemaei
479 1562 582 1623 hheris
604 1567 735 1622 tutorem
757 1559 972 1638 inaegyptum
991 1563 1142 1621 miserant.

131 1649 333 1730 Rhescuporis
351 1650 557 1712 Alexandriam
579 1649 720 1710 devectus
739 1658 827 1727 atque
848 1648 908 1708 illic
929 1649 1027 1726 fugam
1048 1655 1142 1728 temp-

132 1748 197 1801 tans
212 1758 249 1800 an
263 1741 332 1800 licto
347 1741 471 1800 crimine
485 1738 672 1799 interficitur.

198 1825 249 1889 68.
264 1827 321 1887 Per
335 1827 414 1888 idem
427 1834 545 1907 tempus
559 1825 704 1904 Vonones,
718 1843 807 1903 quem
821 1834 950 1885 amotum
964 1827 996 1885 in
1010 1825 1144 1887 Ciliciam

130 1917 304 1992 memoravi,
323 1917 473 1992 corruptis
492 1912 666 1975 custodibus
684 1908 815 1992 effri'gere
834 1913 870 1974 ad
885 1913 1051 1994 Armenios,
1072 1915 1143 1975 inde

131 2002 259 2063 Albanis
276 2000 510 2080 'Heniochb'sque
535 2009 565 2062 et
587 1999 839 2079 consanguineum
865 2001 923 2062 sibi
946 2004 1048 2081 re'gem
1072 2003 1142 2082 Scy-

131 2090 250 2151 tharum
269 2097 393 2151 conatus
411 2098 464 2151 est.
496 2092 596 2170 specie
615 2090 742 2150 venandi
758 2091 1050 2172 omissisymaritimis
1067 2091 1143 2152 locis

104 2192 117 2233 s
131 2181 195 2240 avia
209 2177 338 2240 saltuum
352 2180 447 2258 petiit,
460 2197 529 2239 mox
542 2179 719 2257 pernicitate
734 2179 803 2257 equi
813 2179 848 2239 ad
858 2197 974 2240 amnem
984 2179 1143 2258 Pyramum

132 2267 298 2347 contendit,
320 2269 406 2329 cuius
423 2276 530 2346 pontes
549 2266 664 2329 accolae
683 2275 826 2346 ruperant
844 2267 943 2328 audita
961 2271 1041 2346 regis
1060 2269 1143 2349 luga;

131 2374 228 2434 nequo
249 2355 323 2416 vado
336 2359 487 2434 penetrari
501 2363 625 2436 poterat.
653 2357 745 2433 igitur
758 2357 790 2416 iu
803 2358 867 2436 ripa
881 2356 1012 2417 fluminis
1026 2375 1043 2417 a
1056 2356 1143 2417 Vibio

132 2444 281 2506 Frontone
299 2445 449 2524 praelecto
469 2447 602 2524 equitum
621 2445 762 2524 vincitur,
784 2462 853 2505 mou
870 2444 1022 2505 Remmius
1041 2464 1143 2515 evoca-

131 2541 195 2615 tus,
213 2536 307 2613 priori
326 2533 476 2595 custodiae
496 2535 575 2612 regis
594 2534 759 2612 adpositus,
779 2535 863 2612 quasi
880 2552 935 2612 per
952 2536 1026 2594 iram
1045 2533 1143 2612 gladio

92 2637 118 2676 1⁰
132 2642 200 2684 eum
220 2625 365 2702 transigit.
393 2621 472 2683 uude
491 2625 585 2683 maior
598 2624 671 2684 tides
685 2623 866 2683 conscientia
880 2621 1001 2683 sceleris
1016 2630 1046 2683 et
1059 2630 1142 2684 metu

114 2765 116 2768 .
131 2712 234 2771 indicii
247 2720 374 2772 mortem
387 2711 502 2772 Vononi
515 2710 644 2773 inlatam.

198 2797 248 2860 69.
268 2800 305 2864 nt
318 2798 512 2861 Germanicus
526 2800 657 2880 Aegypto
676 2817 812 2860 remeans
830 2806 950 2879 cuncta,
969 2817 1044 2878 quae
1063 2801 1142 2879 apud

131 2887 262 2964 legiones
277 2895 328 2949 aut
346 2889 437 2950 urbes
455 2890 596 2967 iusserat,
614 2887 722 2949 abolita
736 2887 787 2948 uel
805 2889 837 2948 in
855 2890 1038 2949 contrarium
1057 2907 1143 2949 versa

132 2978 292 3054 cognoscit.
323 2975 395 3038 hinc
413 2996 517 3055 graves
535 2980 567 3038 in
586 2976 723 3036 Pisonem
742 2975 951 3056 contumeliae,
968 2994 1025 3038 nec
1042 2979 1143 3038 minus

22 3097 24 3101 ,
132 3064 238 3126 acerba
261 3081 337 3142 quae
360 3063 470 3125 abillo
493 3064 699 3126 inCaesarem
722 3063 953 3126 intentabantur.
986 3066 1054 3125 dein
1073 3066 1143 3126 Piso

104 3167 117 3208 ⁵
132 3153 213 3216 abire
229 3152 316 3215 Suria
330 3154 441 3213 statuit.
464 3170 533 3214 mox
546 3152 669 3213 adversa
679 3152 847 3213 Germanioi
860 3151 1027 3214 valetudine
1042 3153 1144 3215 deten-

17 3493 23 3522 i

201 3378 248 3444 67,
263 3385 278 3434 'i
291 3383 341 3432 eid
356 3377 435 3444 cotys
451 3378 456 3443 Ι
471 3375 519 3443 88,
533 3381 549 3430 2
564 3374 630 3429 inde
648 3374 794 3443 Wopkens:
813 3372 880 3426 inde
897 3373 929 3427 in
947 3375 1025 3442 (dein
1039 3377 1144 3444 Haase,

130 3454 161 3504 at
177 3465 202 3504 c.
226 3449 352 3518 unsrun
368 3450 401 3504 cu
418 3447 517 3503 Pcuu.
537 3451 586 3514 25,
604 3449 668 3514 106)
685 3448 688 3513 ι
704 3444 750 3511 oo,
767 3449 785 3497 4
802 3441 1016 3501 muniebantur
1033 3446 1144 3506 Wurme

129 3519 342 3588 tcmptabcntur
