2392 3876
277 201 325 257 AB
346 196 506 257 EXOESSU
523 200 679 256 AUGUSTI
696 201 755 255 XII.
775 204 888 258 21-26.
1009 201 1073 268 229

66 352 216 432 subditur,
236 351 337 413 sulcus
351 350 525 430 designandi
538 351 640 429 oppidi
654 359 789 432 coeptus,
805 359 839 412 ut
853 369 987 430 magnam
1001 351 1073 412 ller-
1087 366 1100 407 s

65 441 141 502 culis
155 458 236 501 aram
249 439 492 520 amplecteretur3
505 439 574 500 inde
589 441 680 500 certis
690 441 792 520 spatiIs
803 441 952 501 interiecti
961 439 1074 519 lapides

65 548 120 609 per
133 531 191 589 ima
210 531 318 590 montis
332 526 457 588 Palatini
474 527 510 588 ad
530 545 610 588 aram
625 527 727 608 Consi,
745 547 813 589 mor
832 530 931 589 curias
950 535 1074 609 veteres,

66 629 130 679 tum
144 618 179 679 ad
195 617 334 678 sacellum
348 617 473 698 Larum,
487 616 556 677 iude
570 616 668 677 forum
682 615 859 698 Romanum3
873 616 1030 696 forumque
1045 627 1076 677 et

66 707 240 786 Capitolium
251 724 310 767 nou
320 724 336 766 a
346 704 480 785 Romulo,
495 705 548 765 sed
562 704 654 766 a'lito
664 705 748 766 'latio
759 705 892 767 additum
903 705 971 767 urhi
980 706 1075 768 credi·

65 797 144 858 dere.
163 814 230 857 mox
238 813 292 874 pro
301 794 418 855 fortuna
426 796 592 872 pomerium
600 802 728 855 auctum.
744 803 774 856 et
781 812 856 873 quos
864 793 1074 856 tumClaudius
1089 809 1114 848 ιο

66 888 208 947 terminos
222 885 365 962 posuerit,
380 882 464 943 laede
475 885 595 960 cognitu
605 882 772 962 etpubliois
782 885 856 944 actis
865 885 1075 962 perscriptum.

132 968 184 1034 25.
207 972 238 1033 G.
257 973 383 1032 Antistio
407 968 444 1031 M.
465 969 568 1031 Suillio
592 971 763 1033 oonsulibus
787 973 905 1050 adoptio
928 974 959 1032 in
978 972 1075 1032 Domi·

66 1064 140 1123 tium
160 1061 335 1121 auctoritate
350 1058 489 1119 Pallantis
507 1060 678 1140 festinatur,
697 1063 750 1140 qui
764 1060 926 1122 obstrietus
941 1061 1075 1140 Agrippi·

67 1168 121 1210 nae
131 1157 165 1210 ut
175 1147 347 1210 conciliator
360 1149 532 1225 nuptiarum
541 1155 572 1208 et
580 1165 648 1208 mox
663 1155 767 1228 stupro
782 1151 847 1209 eius
861 1148 1010 1229 inligatus,
1025 1152 1075 1210 sti-

66 1235 540 1316 mulabatClaudinm‚consuleret
548 1235 742 1319 reipublicae,
750 1236 1076 1317 Britannicipueritiam

66 1326 173 1387 robore
192 1326 406 1387 circumdaret:
424 1325 469 1385 sie
488 1324 566 1402 apud
584 1324 685 1385 divum
698 1325 878 1407 Augustum,
898 1341 1103 1405 quamquams

10 1442 13 1450 ·
67 1414 224 1494 nepotibus
240 1413 407 1493 subnixum,
421 1414 551 1491 riguisse
564 1414 729 1494 privignos3
743 1412 889 1474 a'liberio
903 1431 994 1492 super
1009 1433 1076 1493 pro-

67 1505 162 1582 priam
171 1505 295 1581 stirpem
305 1501 513 1562 Germanionm
522 1501 724 1580 adsumptum:
739 1519 771 1561 se
781 1520 899 1581 quoque
909 1504 1078 1581 accingeret

67 1595 173 1652 iuvene
186 1598 303 1670 partem
316 1607 456 1651 curarum
470 1591 661 1669 capessituro.
694 1590 741 1650 lris
755 1592 869 1651 erictus
883 1589 1003 1650 biennio
1017 1609 1076 1650 ma·

68 1684 160 1741 iorem
180 1687 251 1740 natu
269 1679 428 1739 Domitium
447 1677 507 1737 lilio
526 1681 692 1760 auteponit,
716 1678 816 1739 habita
838 1679 916 1757 apud
940 1687 1076 1739 senatum

68 1771 199 1830 oratioue
214 1767 342 1828 eundem
355 1769 386 1826 in
401 1785 488 1846 quem
503 1785 519 1826 a
533 1766 640 1828 liberto
659 1776 814 1846 acceperat
832 1768 960 1829 modum.
988 1768 1075 1828 adno-
1091 1783 1117 1822 ιο

68 1856 168 1918 tabant
182 1858 270 1935 periti
285 1855 395 1916 nnllam
409 1855 533 1916 antehac
548 1856 735 1934 adoptionem
744 1858 823 1916 inter
837 1858 978 1935 patricios
993 1855 1076 1917 Clau-

68 1947 132 2007 dios
146 1947 286 2026 reperiri,
300 1962 411 2023 eosque
426 1943 462 2004 ah
477 1945 546 2005 ntro
561 1944 666 2006 Clauso
681 1947 838 2006 continuos
853 1945 1014 2006 duravisse.

134 2032 186 2096 26.
205 2034 344 2095 Ceterum
363 2041 444 2094 actae
463 2035 591 2112 principi
610 2041 721 2115 grates,
741 2036 920 2114 quaesitiore
934 2036 965 2094 in
980 2033 1076 2094 Domi-

69 2126 142 2184 tium
157 2123 336 2204 adulatione;
355 2130 515 2201 rogataque
529 2121 576 2183 lex
580 2170 589 2202 ‚
610 2125 713 2202 quain
727 2123 867 2183 familiam
882 2122 1033 2183 Claudiam
1047 2131 1077 2183 et
1121 2141 1126 2148 ·

67 2230 175 2272 nomen
189 2212 314 2272 Neronis
332 2213 481 2272 transiret.
510 2219 635 2290 augetur
654 2219 684 2272 et
702 2211 862 2291 Agrippina
881 2219 1076 2290 cognomento

68 2301 225 2378 Augustae.
263 2300 372 2380 quihus
390 2301 514 2378 patratis
532 2318 619 2360 nemo
638 2300 711 2360 adeo
731 2317 837 2378 expers
857 2301 1077 2361 misericordiae

68 2389 137 2469 luit,
156 2407 245 2469 quem
259 2407 319 2449 non
333 2387 496 2449 Britannici
509 2387 627 2449 fortuna
641 2406 774 2448 maerore
788 2388 936 2449 adiiceret.
966 2388 1076 2449 desolo·
1091 2405 1104 2445 s

69 2487 117 2537 tus
127 2477 267 2556 paulatim
278 2480 366 2537 etiarn
376 2474 533 2537 servilibus
542 2478 715 2537 ministeriis
725 2494 801 2554 puer
810 2478 1015 2554 intempestiva
1027 2495 1077 2536 no·

70 2582 173 2625 vercae
188 2565 284 2625 officia
297 2566 329 2624 in
342 2563 505 2624 ludibrium
523 2563 668 2644 vertebat,
686 2563 861 2642 intellegens
880 2563 953 2623 salsi.
981 2582 1078 2641 neque

69 2655 148 2712 enim
163 2670 283 2730 segnem
298 2654 325 2711 ei
339 2652 431 2712 luisse
445 2650 574 2711 indolem
589 2650 701 2732 lerunt,
721 2653 781 2711 sire
796 2669 913 2731 verum,
933 2669 986 2711 seu
1000 2653 1077 2731 peri-

69 2739 144 2800 culis
159 2739 382 2800 commendatus
396 2741 521 2800 retinuit
534 2738 641 2799 famam
655 2741 719 2799 sine
734 2741 945 2818 experimento.

139 2909 185 2976 24,
205 2917 219 2965 7
238 2909 341 2979 palatii
358 2911 396 2965 ad
414 2927 492 2965 arem
511 2909 601 2966 eonsii
616 2912 620 2977 Ι
637 2917 653 2966 8
671 2909 700 2965 Ιι.
715 2910 781 2965 indo
800 2910 891 2964 forum
904 2911 955 2966 Ro.
974 2910 1076 2966 forum-

67 2998 122 3050 que
154 2982 354 3037 Weissereborn:
386 2981 477 3037 larum
503 2982 538 3038 de
565 2981 710 3050 forumque
737 2997 884 3035 romanum
911 2981 1076 3050 (Larundae,

68 3054 215 3122 forumque
233 3052 390 3106 Romanum
410 3053 505 3124 Orelli,
523 3054 558 3122 ef.
577 3054 659 3109 etiam
679 3051 711 3107 G.
731 3052 767 3107 A.
786 3053 901 3109 Beckeri
913 3055 1008 3124 Aetiq.
1023 3054 1076 3108 Ro.

66 3127 179 3195 1‚102)
196 3126 233 3196 19
260 3123 403 3178 tradidere
432 3124 587 3196 Pluygers!
605 3130 637 3179 10
666 3125 759 3178 eetmn
775 3123 841 3192 125,
866 3130 880 3178 1
909 3123 1000 3192 optio,
1029 3142 1075 3178 rm.

68 3197 170 3253 Puteol.
188 3200 192 3266 Ι
209 3201 225 3250 8
243 3195 344 3250 iuuene
360 3199 364 3262 Ι
380 3193 502 3249 triennio
517 3195 689 3250 Freinsheim
704 3198 709 3264 l
727 3201 759 3250 10
773 3193 804 3248 in
815 3200 880 3265 poet
893 3194 1013 3248 eundem
1027 3211 1076 3248 om.

68 3271 99 3321 tre
117 3285 218 3322 rasura
237 3265 279 3336 (in
294 3266 414 3321 eundem
428 3268 464 3322 al.
479 3271 505 3322 el
518 3268 588 3337 edd.)
608 3267 642 3334 ef.
659 3269 703 3333 13,
722 3270 757 3320 13
777 3265 895 3320 eundem
911 3266 942 3319 in
954 3264 1076 3331 modum,

69 3343 95 3403 6,
113 3343 151 3393 48
168 3336 241 3393 vatis
269 3336 300 3391 in
325 3337 450 3405 modum,
478 3342 506 3406 6,
524 3342 558 3392 41
577 3340 703 3391 nostrum
721 3336 751 3390 in
768 3353 815 3403 ιιι,
840 3340 921 3403 11,2
942 3335 1077 3390 maiorem

68 3409 99 3460 in
116 3425 152 3463 m.
172 3415 217 3464 etc.
235 3411 240 3478 Ι
256 3408 300 3476 26,
322 3416 335 3463 1
361 3408 528 3477 quaestione,
550 3425 598 3462 em.
620 3408 742 3467 Pioleena
758 3411 795 3475 ld
817 3405 931 3461 fortune
951 3422 1077 3461 maerore

68 3479 192 3535 Ernesti:
211 3479 341 3534 fortunae
359 3495 470 3535 maeror
485 3483 490 3549 l
506 3477 634 3548 affigeret
653 3485 668 3534 1
687 3495 721 3535 nt.
739 3483 743 3549 l
760 3485 775 3534 6
793 3493 863 3547 puer
881 3477 987 3535 Sirlterz
1005 3479 1076 3551 peel

68 3557 82 3604 7
104 3549 232 3619 ludibria,
251 3567 299 3606 em.
318 3551 478 3623 Nipperdey
