2408 3870
111 165 177 228 354
458 162 626 219 CORNELII
644 165 762 221 taciti

112 315 206 391 ipsius
227 311 341 373 advolvi
359 322 389 373 et
412 313 545 373 dextram
569 313 679 375 osculis
702 314 832 394 fatigare.
869 323 961 396 atque
984 318 1042 380 ille
1066 339 1136 400 gau·

84 416 98 455 s
112 401 193 462 dium
212 401 242 462 id
261 400 387 461 credens
400 402 522 462 Antonii
535 401 647 463 Natalis
665 410 695 463 et
709 402 840 464 Cervarii
852 402 975 467 Proculi
990 407 1135 471 testinata

111 489 218 551 indicia
227 491 392 569 inpunitate
403 497 619 551 remuneratur.
637 489 775 553 Milichus
784 494 926 571 praemiis
935 493 1056 557 ditatus
1065 516 1136 559 cou-

112 580 272 639 servatoris
286 577 344 638 sibi
357 596 478 658 nomen,
499 577 611 639 Graeco
630 581 694 640 eius
709 582 754 640 rei
774 580 931 662 vocabulo,
949 582 1136 666 adsumpsit.

111 686 128 727 e
143 667 273 728 tribunis
287 666 395 727 Gavius
410 665 555 745 Silvanus,
569 669 704 746 quamvis
717 667 885 749 absolutus,
903 686 960 731 sua
973 689 1074 734 manu
1087 692 1136 737 ee

112 756 198 837 ridit5
218 755 330 816 Statius
347 754 504 815 Proximus
522 757 650 837 reniam,
673 774 762 836 quam
783 755 820 818 ab
842 759 1030 838 imperatore
1049 779 1136 825 acce·

72 852 208 924 ruperat,
227 846 355 904 vanitate
374 845 470 903 exitus
490 846 632 922 corrupit.
673 847 755 906 exuti
778 845 885 907 debinc
903 845 1071 912 tribunatu
1085 869 1135 909 e*

112 932 282 1011 Pompeius,
305 931 460 992 Cornelius
479 930 634 1013 Martialis,
657 931 776 994 Flavius
799 932 910 1014 Nepos,
935 933 1059 999 Statius
1077 937 1135 1000 lio

112 1022 221 1098 mitius,
236 1021 321 1098 quasi
334 1020 500 1099 principem
515 1038 573 1082 non
588 1020 708 1099 quidem
723 1022 868 1103 odissent,
882 1021 935 1083 sed
949 1030 1058 1087 tamen
1073 1029 1136 1089 exi·

112 1110 312 1168 stimareutur.
344 1106 435 1168 Norio
454 1108 556 1183 Prisco
575 1127 630 1189 per
653 1111 812 1171 amicitiam
831 1110 962 1172 Senecae
984 1120 1021 1174 et
1040 1113 1135 1176 Glitio

112 1195 193 1256 Gallo
211 1204 300 1274 atque
319 1198 414 1257 Annio
433 1196 558 1257 Pollioni
583 1197 732 1259 infamatis
754 1199 848 1278 magis
871 1216 960 1278 quam
978 1204 1135 1265 convictis

71 1298 96 1337 1⁵
112 1285 176 1346 data
197 1284 291 1345 exilia.
323 1284 458 1345 Priscum
473 1286 589 1346 Artoria
607 1285 744 1347 Flaccilla
762 1289 891 1347 coniunx
909 1289 1058 1359 comitata
1077 1299 1135 1373 est,

111 1374 225 1435 Gallum
239 1372 362 1452 Egnatia
372 1373 538 1453 Maximilla,
551 1375 666 1452 magnis
679 1376 809 1452 primum
823 1382 854 1436 et
867 1377 995 1454 integris
1011 1378 1135 1462 opibus,

111 1471 178 1542 post
201 1461 359 1542 ademptis,
382 1479 457 1540 quae
475 1469 601 1540 utraque
621 1461 744 1540 gloriam
763 1465 828 1524 eius
846 1482 965 1525 auxere.
1003 1467 1134 1545 pellitur

111 1558 141 1613 et
155 1550 277 1611 Ruirius
292 1550 447 1628 Crispinus
461 1551 616 1610 occasione
636 1552 863 1632 coniurationis,
882 1551 935 1613 sed
949 1550 1070 1617 Neroni
1086 1558 1133 1616 in·

111 1643 204 1720 risus,
228 1639 307 1717 quod
326 1637 490 1717 Poppaeam
510 1637 657 1716 quondam
671 1641 859 1700 matrimonio
878 1647 1029 1703 tenuerat.
1059 1642 1131 1705 Ver-

71 1744 97 1781 an
111 1730 224 1807 giuium
243 1729 368 1788 Marum
387 1733 417 1786 et
434 1725 606 1787 Musonium
624 1725 734 1787 linium
757 1727 902 1789 claritudo
924 1732 1062 1793 nominis
1081 1750 1130 1793 ex·

111 1817 202 1896 pulit:
224 1833 291 1877 uam
311 1812 468 1891 Verginius
487 1813 584 1875 studia
607 1816 747 1875 iuvenum
766 1815 950 1897 eloquentia,
968 1816 1129 1881 Musonius

111 1906 279 1984 praeceptis
293 1905 454 1983 sapientiae
468 1901 592 1962 iovebat.
620 1901 794 1964 Cluvidieno
803 1903 920 1985 Quieto,
933 1904 1012 1969 lulio
1022 1908 1129 1988 Agrip·

112 2012 179 2073 pae,
197 1992 285 2052 Blitio
300 1991 448 2070 Catulino,
471 1989 610 2050 Petronio
629 1990 744 2074 Prisco,
767 1992 843 2053 lulio
856 1991 971 2074 ttttno,
991 1997 1127 2057 velutin

111 2099 215 2161 agmen
234 2088 264 2141 et
283 2097 453 2158 numerum,
471 2078 579 2157 Aegaei
597 2081 688 2140 maris
706 2080 820 2142 insulae
839 2083 1072 2161 permittuntur.
1100 2091 1127 2144 at

71 2185 96 2225 aa
112 2169 247 2229 Caedicia
265 2185 341 2228 uxor
360 2166 496 2227 Scaevini
516 2174 546 2227 et
560 2167 741 2229 Caesennius
759 2168 903 2230 Maximus
920 2168 1006 2231 ltalia
1026 2172 1126 2252 probi·

112 2258 234 2336 bentnr,
257 2273 324 2317 reos
347 2255 438 2316 luisse
457 2273 489 2315 se
507 2263 621 2316 tantum
640 2274 734 2334 poena
755 2259 879 2336 experti.
913 2257 1009 2319 Acilia
1032 2270 1125 2323 mater

111 2346 223 2407 Annaei
237 2345 351 2406 Lucani
364 2346 428 2405 sine
443 2343 636 2425 absolutione,
650 2347 714 2406 sine
729 2345 879 2424 supplicio·
889 2344 1090 2411 dissimulata.

180 2433 230 2498 72.
253 2434 368 2505 Quibus
387 2434 565 2513 perpetratis
579 2432 656 2493 Nero
676 2441 706 2494 et
724 2436 861 2495 contione
879 2433 1009 2496 militum
1026 2436 1127 2499 habita

111 2526 181 2588 bina
199 2542 352 2586 nummum
367 2523 446 2583 milia
460 2524 570 2582 viritim
584 2521 817 2601 manipularibus
831 2521 931 2582 divisit
949 2522 1127 2605 addiditque

113 2618 176 2677 sine
191 2617 288 2693 pretio
303 2612 493 2692 trumentum,
508 2628 566 2689 quo
581 2617 648 2672 ante
663 2628 698 2670 ex
713 2610 800 2671 modo
811 2627 942 2671 annonae
952 2611 1127 2674 utebantur.

112 2713 188 2783 tum,
208 2705 291 2782 quasi
311 2708 392 2779 gesta
406 2699 483 2760 bello
499 2701 701 2778 expositurus,
722 2706 807 2760 vocat
825 2706 960 2760 senatum
974 2707 1007 2760 et
1021 2703 1127 2763 trium·

85 2790 198 2872 ephale
217 2791 308 2851 decus
327 2788 466 2849 Petronio
490 2786 661 2866 Turpiliano
680 2787 842 2868 consulari,
866 2787 991 2848 Cocceio
1009 2787 1126 2850 Nervae

112 2880 243 2960 praetori
261 2879 427 2957 designato,
447 2874 591 2954 Tigellino
609 2875 758 2954 praefecto
777 2876 919 2955 praetorii
937 2875 1063 2959 tribuit,
1081 2876 1127 2937 'li-

113 2969 252 3050 gellinum
272 2974 302 3028 et
320 2965 445 3028 Nervam
464 2967 504 3025 ita
524 2964 680 3045 extollens,
703 2970 737 3024 ut
760 2982 850 3042 super
873 2963 1076 3043 triumphales
1097 2967 1125 3024 in

185 3157 229 3225 71,
248 3163 266 3212 t
284 3153 387 3211 osculis
408 3153 590 3209 Puteolanus:
616 3152 705 3206 oculis
725 3151 813 3208 oculis
837 3153 842 3221 1
868 3157 901 3206 10
919 3150 1051 3208 navitate
1069 3152 1126 3208 Aa·

113 3231 215 3301 queret
233 3231 360 3284 lamnam
383 3226 489 3279 notavit
507 3224 598 3279 Rtrur
614 3226 618 3289 Ι
635 3230 668 3278 15
688 3223 768 3293 deba]
792 3223 905 3278 decreta
926 3222 1129 3294 Beezmoeyer

113 3304 256 3368 eoil.16,9
272 3309 275 3359 t
293 3305 326 3353 16
345 3298 375 3351 et
392 3294 493 3366 gnatia
507 3299 512 3365 Ι
528 3301 562 3349 20
576 3293 693 3349 Flavum
707 3296 737 3349 et
749 3293 909 3349 Musonium
921 3293 988 3348 odd.
1003 3293 1130 3350 Wattter

116 3374 119 3443 1
154 3378 188 3426 25
221 3368 342 3436 eadieia,
371 3385 418 3423 em.
456 3365 539 3420 Orelli
566 3382 599 3420 ec
625 3366 716 3420 titulis
738 3367 744 3433 l
769 3363 920 3420 Caesonius
951 3362 1074 3433 Epeiros
1097 3378 1129 3420 ex

116 3443 250 3498 Martiale
268 3445 294 3506 7,
312 3441 368 3508 441
385 3444 417 3494 at
439 3435 630 3491 absolutiones
648 3436 679 3491 in
701 3437 706 3506 1
728 3436 771 3504 ta,
792 3431 992 3504 §Turpiliano
1016 3434 1128 3491 Vestro·

113 3515 194 3569 ttius:
213 3510 343 3581 turpiano
