2392 3876
134 177 176 240 10
486 169 655 229 connntu
672 174 790 230 ntonr
942 173 944 176 ·
1096 232 1099 236 ,
1186 39 1192 197 l

134 331 164 386 et
177 321 321 384 muliebre
336 322 485 403 fastigium
498 324 530 382 in
544 322 776 383 deminutionem
791 324 838 384 sni
850 326 999 404 accipiens
1011 345 1051 389 ne
1062 327 1145 390 licto-

133 430 197 472 rem
211 411 331 490 quidem
345 413 373 472 ei
387 411 508 471 decerni
522 428 627 490 passus
643 420 689 471 est
702 428 842 490 aramque
859 412 1027 493 adoptionis
1044 423 1076 479 et
1091 417 1146 479 alia

133 499 258 561 huiusce
279 499 358 560 modi
374 498 534 578 probibuit.
562 505 593 560 at
606 497 780 560 Germanico
795 498 914 562 Caesari
931 504 1145 581 proconsulare

134 591 292 667 imperium
305 590 418 668 petivit,
432 589 574 665 missique
586 586 673 666 legati
687 589 738 665 qui
750 587 910 670 deferrent,
924 591 1014 652 simul
1028 596 1145 655 maesti·

96 690 122 731 io
136 680 206 738 tiam
221 679 285 737 eius
300 674 337 736 ob
352 693 507 737 excessum
521 677 646 754 Augusti
665 675 840 738 solarentur.
868 695 927 755 quo
946 681 1047 741 minus
1066 681 1146 742 idem

133 782 188 844 pro
212 763 308 825 Druso
332 764 546 844 postularetur,
574 781 608 824 ca
631 781 719 824 causa
743 762 821 843 quod
845 765 1016 846 designatus
1039 769 1147 830 consul

133 852 248 913 Drusus
271 870 472 932 praesensque
496 860 569 912 erat.
613 850 783 912 candidatos
806 862 963 932 praeturae
987 855 1146 918 duodecim

134 943 309 1021 nominavit,
323 958 481 1002 numerum
496 939 532 1000 ab
546 939 679 1018 Augusto
694 938 848 1022 traditum3
864 948 895 1003 et
907 942 1047 1005 hortante
1062 963 1147 1006 sena·

134 1036 168 1090 tu
183 1037 216 1090 ut
230 1037 366 1109 angeret,
383 1032 449 1090 iure
464 1028 588 1089 iurando
604 1028 762 1089 obstrinxit
776 1047 808 1089 se
823 1047 882 1090 non
897 1048 1102 1093 excessurum.

68 1178 75 1192 ‚
203 1113 253 1178 15.
276 1116 351 1177 'lum
371 1119 499 1197 primum
519 1135 535 1176 e
555 1135 657 1196 campo
679 1119 796 1177 comitia
820 1117 855 1178 ad
878 1126 979 1197 patres
1002 1121 1146 1182 translata

134 1213 217 1267 sunt:
241 1223 308 1265 nem
331 1204 368 1266 ad
391 1223 454 1266 cam
478 1204 568 1279 diem,
592 1207 649 1266 etsi
670 1207 824 1283 potissima
845 1205 968 1268 arbitrio
990 1209 1148 1290 principis,

134 1293 277 1374 quaedam
290 1301 387 1354 tamen
400 1293 506 1355 studiis
516 1292 648 1354 tribuum
658 1293 775 1354 fiebant.
799 1311 896 1373 neque
905 1295 1035 1375 populns
1046 1297 1145 1358 adem·

134 1391 219 1462 ptum
234 1384 282 1443 ius
299 1390 422 1460 questus
439 1389 485 1443 est
500 1383 557 1442 nisi
575 1384 656 1442 inani
674 1399 805 1463 rumore,
827 1393 858 1444 et
875 1391 996 1444 senatus
1014 1383 1146 1464 largitio·

108 1471 223 1532 onibus
232 1489 266 1531 ac
276 1469 416 1550 precibus
431 1469 558 1530 sordidis
573 1470 725 1531 exsolutus
739 1469 835 1530 libens
849 1473 953 1551 tenuit,
969 1471 1146 1535 moderante

134 1559 254 1621 Tiberio
277 1577 315 1620 ne
336 1558 437 1638 plures
458 1576 546 1637 quam
565 1567 705 1637 quattuor
724 1558 894 1618 candidatos
913 1561 1147 1642 commendaret,

135 1651 198 1710 sine
217 1648 336 1727 repulsa
354 1656 384 1708 et
399 1645 511 1708 ambitu
529 1645 734 1726 designandos.
760 1649 840 1707 inter
858 1664 934 1725 quae
952 1647 1067 1709 tribuni
1086 1650 1146 1729 ple-

133 1736 182 1799 bei
203 1740 347 1817 petivere,
370 1743 404 1797 nt
424 1737 545 1814 proprio
565 1745 684 1814 sumptu
704 1733 827 1795 ederent
840 1734 940 1816 ludos,
963 1738 1016 1814 qui
1036 1736 1073 1796 de
1094 1755 1146 1797 no·

133 1828 213 1886 mine
232 1826 358 1903 Augusti
380 1825 464 1884 fastis
487 1822 579 1884 additi
596 1823 771 1902 Augustales
794 1831 980 1884 vocarentur.
1018 1824 1071 1884 sed
1097 1825 1147 1886 de·

95 1925 121 1965 ¹0
135 1921 216 1974 creta
234 1914 360 1990 pecunia
379 1930 415 1972 ex
433 1914 561 1992 aerario,
579 1920 671 1991 utque
688 1928 742 1991 per
756 1913 869 1972 circum
886 1910 1056 1990 triumphali
1071 1917 1148 1974 resti

134 2008 304 2061 uterentur:
323 2018 415 2061 curru
433 2000 499 2060 vehi
518 2000 596 2061 hand
615 2002 803 2079 permissum.
831 2017 899 2060 mox
915 1998 1076 2060 celebratio
1096 2019 1147 2062 an·

134 2106 193 2148 nna
207 2087 242 2148 ad
257 2096 424 2168 praetorem
439 2089 592 2169 translata,
607 2091 656 2149 cui
670 2091 749 2150 inter
764 2090 843 2149 cives
858 2095 889 2148 ct
903 2089 1083 2168 peregrinos
1102 2092 1148 2151 iu·

133 2174 266 2236 risdictio
281 2179 436 2239 evenisset.

204 2261 254 2325 16.
276 2263 330 2325 Hic
345 2283 447 2326 rerum
460 2264 642 2326 urbanarum
657 2271 753 2325 status
772 2272 848 2345 erat,
872 2282 938 2325 cnm
958 2263 1148 2328 Pannonicas

133 2353 265 2432 legiones
279 2351 384 2414 seditio
399 2355 533 2433 incessit,
552 2352 641 2414 nullis
656 2354 739 2414 noris
754 2355 865 2431 causis,
883 2354 941 2412 nisi
956 2352 1035 2430 quod
1050 2363 1148 2416 muta·

132 2449 182 2502 tns
196 2443 336 2521 princeps
349 2441 497 2502 licentiam
511 2441 668 2502 turbarum
682 2448 712 2502 et
726 2457 762 2501 ex
778 2442 856 2501 cirili
869 2438 947 2501 bello
962 2457 1045 2519 spem
1059 2459 1148 2520 prae·

133 2531 261 2590 miorum
280 2528 461 2591 ostendebat.
494 2532 599 2591 castris
618 2531 736 2590 aestivis
754 2536 817 2588 trcs
836 2528 924 2589 simul
941 2527 1076 2605 legiones
1096 2531 1148 2592 ha·

107 2617 295 2698 thebantur,
313 2616 501 2696 praesidente
518 2617 602 2678 Iunio
617 2617 734 2696 blaeso,
754 2618 804 2694 qui
823 2616 882 2677 line
896 2618 1021 2696 burgasti
1040 2624 1072 2676 et
1092 2621 1148 2681 ini·

129 2708 183 2767 tiis
199 2706 311 2767 Tiberii
326 2707 433 2768 auditis
448 2706 486 2767 ob
499 2708 646 2768 iustitium
660 2713 711 2768 aut
728 2704 867 2784 gaudium
881 2707 1086 2768 intermiserat
1101 2726 1148 2769 so-

205 2876 255 2944 15,
275 2883 290 2932 6
313 2892 348 2931 ne
371 2878 519 2946 praeturae
541 2874 636 2946 plures
655 2875 815 2947 Nipperdey
830 2879 834 2945 Ι
851 2882 883 2930 11
904 2890 996 2930 annua
1013 2875 1148 2946 Lipsius:

133 2952 208 3002 annii
227 2948 342 3016 (annum
358 2949 649 3018 incloait'Nipperdey
666 2964 700 3002 en
719 2948 812 3016 priore
829 2947 933 3002 Itinera·
950 2947 1121 3016 contemsero)
1143 2949 1147 3019 Ι

134 3018 179 3084 lo,
194 3024 210 3072 4
231 3017 330 3071 castris
347 3018 471 3073 hibernis
485 3019 578 3074 Slater
593 3020 598 3087 Ι
614 3024 630 3072 6
646 3017 708 3088 [aut
726 3017 872 3089 gaudium]
894 3018 1037 3084 Macetum
1055 3024 1088 3072 ut
1107 3020 1150 3074 ait

135 3089 248 3144 Tacitus
265 3089 347 3144 solitu
364 3092 461 3144 munio
479 3091 538 3144 ulia
556 3089 588 3144 ob
607 3089 744 3143 iustitium
766 3090 825 3142 ulia
847 3089 880 3142 ob
903 3088 1037 3156 gaudium
1060 3090 1148 3144 inter-

133 3162 217 3216 misau
234 3175 296 3225 esee,
315 3161 349 3226 cf.
370 3165 395 3226 1,
414 3164 450 3215 55
468 3158 624 3213 Arminium
647 3174 680 3212 ac
699 3159 855 3227 Segestem,
880 3156 1020 3226 insignem
1038 3159 1148 3212 utrum-

135 3247 189 3298 que
207 3228 325 3300 perfidia
343 3228 373 3283 in
391 3245 442 3283 nos
461 3232 511 3285 aut
524 3230 585 3284 fide.
605 3235 631 3295 4,
644 3233 680 3284 47
694 3228 769 3298 quod
782 3243 887 3298 magna
904 3226 948 3282 vis
967 3230 1078 3282 armato
1098 3231 1150 3284 aut

133 3300 279 3356 incondita
300 3301 440 3356 tuebatur.
478 3306 522 3367 11,
540 3304 577 3356 38
600 3299 676 3369 quod
699 3299 823 3368 (semum)
849 3299 953 3352 frustra
978 3297 1077 3368 iugulo
1098 3303 1151 3357 aut

74 3435 78 3441 ,
133 3373 242 3440 pectori
259 3388 309 3442 per
327 3370 547 3442 trepidationem
565 3372 716 3425 admovens
735 3376 781 3425 etc.
802 3373 848 3436 12,
867 3373 912 3424 12.
932 3374 976 3435 13,
994 3374 1038 3425 43.
1059 3371 1101 3424 H.
1120 3376 1150 3439 2,

134 3446 181 3498 92.
213 3446 256 3497 Ae
269 3445 387 3513 proprio
405 3445 522 3513 quodam
539 3459 593 3497 usu
613 3443 727 3497 Tacitus
744 3443 785 3496 sic
802 3443 884 3496 etiam
903 3440 1151 3509 autumpnum

133 3512 190 3580 fere
207 3514 279 3569 idern
295 3516 332 3570 ait
349 3516 422 3586 quod
440 3515 469 3568 et
486 3512 618 3580 vicissim,
637 3518 669 3568 ut
686 3517 725 3567 eat
747 3517 771 3572 ⁰·.
785 3516 822 3567 4⁷
840 3510 944 3580 quique
958 3509 1083 3566 Mosteni
1098 3514 1152 3569 aut

1049 3692 1114 3835 u
