<?xml version="1.0" encoding="UTF-8"?>
<!DOCTYPE html PUBLIC "-//W3C//DTD XHTML 1.0 Transitional//EN"
    "http://www.w3.org/TR/xhtml1/DTD/xhtml1-transitional.dtd">
<html xmlns="http://www.w3.org/1999/xhtml" xml:lang="en" lang="en">
 <head>
  <title>
</title>
<meta http-equiv="Content-Type" content="text/html;charset=utf-8" />
  <meta name='ocr-system' content='tesseract 3.04.00' />
  <meta name='ocr-capabilities' content='ocr_page ocr_carea ocr_par ocr_line ocrx_word'/>
</head>
<body>
  <div class='ocr_page' id='page_1' title='image "./libriquisupersu00halmgoog_0170.png"; bbox 0 0 2392 3876; ppageno 0'>
   <div class='ocr_carea' id='block_1_1' title="bbox 240 179 1035 245">
    <p class='ocr_par' dir='ltr' id='par_1_1' title="bbox 240 179 1035 245">
     <span class='ocr_line' id='line_1_1' title="bbox 240 179 1035 245; baseline 0.015 -11"><span class='ocrx_word' id='word_1_1' title='bbox 240 180 289 235; x_wconf 82' lang='lat' dir='ltr'>AB</span> <span class='ocrx_word' id='word_1_2' title='bbox 306 180 468 236; x_wconf 75' lang='lat' dir='ltr'>Excusso</span> <span class='ocrx_word' id='word_1_3' title='bbox 485 179 641 236; x_wconf 74' lang='lat' dir='ltr'>AUGUSTI</span> <span class='ocrx_word' id='word_1_4' title='bbox 657 181 704 238; x_wconf 83' lang='lat' dir='ltr'>tv.</span> <span class='ocrx_word' id='word_1_5' title='bbox 724 188 836 238; x_wconf 77' lang='lat' dir='ltr'>ac-ao.</span> <span class='ocrx_word' id='word_1_6' title='bbox 972 179 1035 245; x_wconf 78' lang='lat'>159</span> 
     </span>
    </p>
   </div>
   <div class='ocr_carea' id='block_1_2' title="bbox 42 327 1083 3245">
    <p class='ocr_par' dir='ltr' id='par_1_2' title="bbox 42 327 1083 1643">
     <span class='ocr_line' id='line_1_2' title="bbox 42 327 1037 411; baseline 0.007 -27"><span class='ocrx_word' id='word_1_7' title='bbox 42 329 168 408; x_wconf 54' lang='lat' dir='ltr'>rupidine</span> <span class='ocrx_word' id='word_1_8' title='bbox 187 329 372 411; x_wconf 89' lang='lat' dir='ltr'>consulatus,</span> <span class='ocrx_word' id='word_1_9' title='bbox 390 329 427 391; x_wconf 90' lang='lat' dir='ltr'>ad</span> <span class='ocrx_word' id='word_1_10' title='bbox 446 349 535 410; x_wconf 92' lang='lat' dir='ltr'>quem</span> <span class='ocrx_word' id='word_1_11' title='bbox 552 348 613 392; x_wconf 91' lang='lat' dir='ltr'>non</span> <span class='ocrx_word' id='word_1_12' title='bbox 631 331 690 401; x_wconf 90' lang='lat' dir='ltr'>nisi</span> <span class='ocrx_word' id='word_1_13' title='bbox 703 349 757 409; x_wconf 90' lang='lat' dir='ltr'>per</span> <span class='ocrx_word' id='word_1_14' title='bbox 772 330 913 391; x_wconf 90' lang='lat' dir='ltr'>Seianum</span> <span class='ocrx_word' id='word_1_15' title='bbox 925 327 1037 410; x_wconf 80' lang='lat' dir='ltr'>aditus3</span> 
     </span>
     <span class='ocr_line' id='line_1_3' title="bbox 42 417 1036 498; baseline 0.001 -21"><span class='ocrx_word' id='word_1_16' title='bbox 42 436 125 496; x_wconf 84' lang='lat' dir='ltr'>reque</span> <span class='ocrx_word' id='word_1_17' title='bbox 141 417 240 491; x_wconf 82' lang='lat' dir='ltr'>Seiani</span> <span class='ocrx_word' id='word_1_18' title='bbox 254 418 388 492; x_wconf 85' lang='lat' dir='ltr'>voluntas</span> <span class='ocrx_word' id='word_1_19' title='bbox 402 421 463 481; x_wconf 87' lang='lat' dir='ltr'>nisi</span> <span class='ocrx_word' id='word_1_20' title='bbox 476 417 588 483; x_wconf 89' lang='lat' dir='ltr'>scelere</span> <span class='ocrx_word' id='word_1_21' title='bbox 604 418 811 498; x_wconf 75' lang='lat' dir='ltr'><strong>quaerebatur.</strong></span> <span class='ocrx_word' id='word_1_22' title='bbox 840 421 1036 498; x_wconf 83' lang='lat' dir='ltr'>compositum</span> 
     </span>
     <span class='ocr_line' id='line_1_4' title="bbox 42 505 1077 588; baseline 0.001 -22"><span class='ocrx_word' id='word_1_23' title='bbox 42 514 106 567; x_wconf 89' lang='lat' dir='ltr'>nter</span> <span class='ocrx_word' id='word_1_24' title='bbox 120 508 210 588; x_wconf 87' lang='lat' dir='ltr'>ipsos,</span> <span class='ocrx_word' id='word_1_25' title='bbox 224 514 258 567; x_wconf 92' lang='lat' dir='ltr'>ut</span> <span class='ocrx_word' id='word_1_26' title='bbox 267 507 407 588; x_wconf 87' lang='lat' dir='ltr'>Latiaris,</span> <span class='ocrx_word' id='word_1_27' title='bbox 422 509 474 587; x_wconf 87' lang='lat' dir='ltr'>qui</span> <span class='ocrx_word' id='word_1_28' title='bbox 488 507 606 577; x_wconf 86' lang='lat' dir='ltr'>modico</span> <span class='ocrx_word' id='word_1_29' title='bbox 617 525 674 580; x_wconf 87' lang='lat' dir='ltr'>usu</span> <span class='ocrx_word' id='word_1_30' title='bbox 686 507 828 582; x_wconf 78' lang='lat' dir='ltr'>Sabinam</span> <span class='ocrx_word' id='word_1_31' title='bbox 838 505 1035 586; x_wconf 83' lang='lat' dir='ltr'>contingebat,</span> <span class='ocrx_word' id='word_1_32' title='bbox 1050 519 1077 559; x_wconf 85' lang='lat'>1⁰</span> 
     </span>
     <span class='ocr_line' id='line_1_5' title="bbox 42 593 1037 676; baseline 0.002 -22"><span class='ocrx_word' id='word_1_33' title='bbox 42 602 158 657; x_wconf 87' lang='lat' dir='ltr'>trueret</span> <span class='ocrx_word' id='word_1_34' title='bbox 176 595 289 676; x_wconf 87' lang='lat' dir='ltr'>dolum,</span> <span class='ocrx_word' id='word_1_35' title='bbox 309 599 401 658; x_wconf 89' lang='lat' dir='ltr'>ceteri</span> <span class='ocrx_word' id='word_1_36' title='bbox 420 603 511 668; x_wconf 81' lang='lat' dir='ltr'>testes</span> <span class='ocrx_word' id='word_1_37' title='bbox 526 595 681 676; x_wconf 86' lang='lat' dir='ltr'>adessent,</span> <span class='ocrx_word' id='word_1_38' title='bbox 697 593 804 666; x_wconf 66' lang='lat' dir='ltr'>deiram</span> <span class='ocrx_word' id='word_1_39' title='bbox 818 597 1037 670; x_wconf 81' lang='lat' dir='ltr'>accusationem</span> 
     </span>
     <span class='ocr_line' id='line_1_6' title="bbox 42 684 1036 764; baseline -0.002 -19"><span class='ocrx_word' id='word_1_40' title='bbox 42 686 202 762; x_wconf 86' lang='lat' dir='ltr'>nciperent.</span> <span class='ocrx_word' id='word_1_41' title='bbox 225 687 317 764; x_wconf 82' lang='lat' dir='ltr'>igitur</span> <span class='ocrx_word' id='word_1_42' title='bbox 326 684 564 757; x_wconf 81' lang='lat' dir='ltr'>Latiarisiacere</span> <span class='ocrx_word' id='word_1_43' title='bbox 578 685 716 747; x_wconf 79' lang='lat' dir='ltr'>fortuitos</span> <span class='ocrx_word' id='word_1_44' title='bbox 730 687 860 764; x_wconf 84' lang='lat' dir='ltr'>primum</span> <span class='ocrx_word' id='word_1_45' title='bbox 875 702 1036 764; x_wconf 80' lang='lat' dir='ltr'>sermones,</span> 
     </span>
     <span class='ocr_line' id='line_1_7' title="bbox 42 771 1037 854; baseline 0.001 -22"><span class='ocrx_word' id='word_1_46' title='bbox 42 791 97 847; x_wconf 84' lang='lat' dir='ltr'>non¹</span> <span class='ocrx_word' id='word_1_47' title='bbox 108 772 229 847; x_wconf 81' lang='lat' dir='ltr'>laudare</span> <span class='ocrx_word' id='word_1_48' title='bbox 244 775 453 852; x_wconf 74' lang='lat' dir='ltr'><strong>constantiam,</strong></span> <span class='ocrx_word' id='word_1_49' title='bbox 473 773 553 853; x_wconf 84' lang='lat' dir='ltr'>qnod</span> <span class='ocrx_word' id='word_1_50' title='bbox 566 789 639 854; x_wconf 90' lang='lat' dir='ltr'>uon,</span> <span class='ocrx_word' id='word_1_51' title='bbox 658 781 692 835; x_wconf 90' lang='lat' dir='ltr'>ut</span> <span class='ocrx_word' id='word_1_52' title='bbox 709 775 815 854; x_wconf 85' lang='lat' dir='ltr'>ceteri,</span> <span class='ocrx_word' id='word_1_53' title='bbox 833 773 969 849; x_wconf 88' lang='lat' dir='ltr'>florentis</span> <span class='ocrx_word' id='word_1_54' title='bbox 985 771 1037 833; x_wconf 93' lang='lat' dir='ltr'>do·</span> 
     </span>
     <span class='ocr_line' id='line_1_8' title="bbox 42 861 1037 944; baseline 0.001 -24"><span class='ocrx_word' id='word_1_55' title='bbox 42 878 94 921; x_wconf 90' lang='lat' dir='ltr'>nus</span> <span class='ocrx_word' id='word_1_56' title='bbox 112 863 225 935; x_wconf 74' lang='lat' dir='ltr'>anricus</span> <span class='ocrx_word' id='word_1_57' title='bbox 244 861 392 934; x_wconf 85' lang='lat' dir='ltr'>adflictam</span> <span class='ocrx_word' id='word_1_58' title='bbox 410 861 619 944; x_wconf 80' lang='lat' dir='ltr'>deseruissset3</span> <span class='ocrx_word' id='word_1_59' title='bbox 639 862 853 937; x_wconf 83' lang='lat' dir='ltr'>simulhonora</span> <span class='ocrx_word' id='word_1_60' title='bbox 867 862 904 931; x_wconf 88' lang='lat' dir='ltr'>de</span> <span class='ocrx_word' id='word_1_61' title='bbox 919 861 1037 935; x_wconf 86' lang='lat' dir='ltr'>Germa-</span> 
     </span>
     <span class='ocr_line' id='line_1_9' title="bbox 42 949 1077 1031; baseline 0 -22"><span class='ocrx_word' id='word_1_62' title='bbox 42 951 107 1029; x_wconf 73' lang='lat' dir='ltr'>rieo,</span> <span class='ocrx_word' id='word_1_63' title='bbox 126 950 318 1029; x_wconf 77' lang='lat' dir='ltr'>Agrippinam</span> <span class='ocrx_word' id='word_1_64' title='bbox 336 951 494 1031; x_wconf 82' lang='lat' dir='ltr'>miserans,</span> <span class='ocrx_word' id='word_1_65' title='bbox 518 950 689 1021; x_wconf 86' lang='lat' dir='ltr'>disserebat.</span> <span class='ocrx_word' id='word_1_66' title='bbox 726 959 756 1015; x_wconf 86' lang='lat' dir='ltr'>et</span> <span class='ocrx_word' id='word_1_67' title='bbox 778 958 941 1030; x_wconf 40' lang='lat' dir='ltr'>postquam,</span> <span class='ocrx_word' id='word_1_68' title='bbox 955 949 1036 1024; x_wconf 78' lang='lat' dir='ltr'>Sabi·</span> <span class='ocrx_word' id='word_1_69' title='bbox 1052 961 1077 1001; x_wconf 86' lang='lat'>1⁵</span> 
     </span>
     <span class='ocr_line' id='line_1_10' title="bbox 42 1037 1038 1119; baseline 0 -21"><span class='ocrx_word' id='word_1_70' title='bbox 42 1055 97 1117; x_wconf 72' lang='lat' dir='ltr'>tus,</span> <span class='ocrx_word' id='word_1_71' title='bbox 120 1045 154 1113; x_wconf 90' lang='lat' dir='ltr'>ut</span> <span class='ocrx_word' id='word_1_72' title='bbox 176 1045 248 1115; x_wconf 86' lang='lat' dir='ltr'>sunt</span> <span class='ocrx_word' id='word_1_73' title='bbox 264 1037 417 1113; x_wconf 77' lang='lat' dir='ltr'>molleoiu</span> <span class='ocrx_word' id='word_1_74' title='bbox 436 1038 599 1113; x_wconf 70' lang='lat' dir='ltr'>calamitate</span> <span class='ocrx_word' id='word_1_75' title='bbox 616 1039 785 1112; x_wconf 81' lang='lat' dir='ltr'>mortalium</span> <span class='ocrx_word' id='word_1_76' title='bbox 808 1041 911 1119; x_wconf 85' lang='lat' dir='ltr'>animi,</span> <span class='ocrx_word' id='word_1_77' title='bbox 933 1037 1038 1108; x_wconf 83' lang='lat' dir='ltr'>effudit</span> 
     </span>
     <span class='ocr_line' id='line_1_11' title="bbox 42 1127 1037 1208; baseline 0.001 -22"><span class='ocrx_word' id='word_1_78' title='bbox 42 1128 172 1208; x_wconf 84' lang='lat' dir='ltr'>acrimae,</span> <span class='ocrx_word' id='word_1_79' title='bbox 185 1128 288 1202; x_wconf 76' lang='lat' dir='ltr'>iunxit</span> <span class='ocrx_word' id='word_1_80' title='bbox 296 1135 428 1208; x_wconf 83' lang='lat' dir='ltr'>questus,</span> <span class='ocrx_word' id='word_1_81' title='bbox 442 1127 600 1201; x_wconf 82' lang='lat' dir='ltr'>audentius</span> <span class='ocrx_word' id='word_1_82' title='bbox 614 1130 673 1189; x_wconf 91' lang='lat' dir='ltr'>iam</span> <span class='ocrx_word' id='word_1_83' title='bbox 687 1134 794 1202; x_wconf 55' lang='lat' dir='ltr'>onerat,</span> <span class='ocrx_word' id='word_1_84' title='bbox 804 1128 956 1208; x_wconf 82' lang='lat' dir='ltr'>Seianum,</span> <span class='ocrx_word' id='word_1_85' title='bbox 976 1145 1037 1188; x_wconf 91' lang='lat' dir='ltr'>sae-</span> 
     </span>
     <span class='ocr_line' id='line_1_12' title="bbox 42 1215 1083 1299; baseline 0.001 -24"><span class='ocrx_word' id='word_1_86' title='bbox 42 1217 148 1296; x_wconf 81' lang='lat' dir='ltr'>itiarn,</span> <span class='ocrx_word' id='word_1_87' title='bbox 160 1215 343 1299; x_wconf 70' lang='lat' dir='ltr'>superbiam,</span> <span class='ocrx_word' id='word_1_88' title='bbox 363 1235 432 1295; x_wconf 90' lang='lat' dir='ltr'>spes</span> <span class='ocrx_word' id='word_1_89' title='bbox 451 1218 523 1289; x_wconf 82' lang='lat' dir='ltr'>eius.</span> <span class='ocrx_word' id='word_1_90' title='bbox 556 1235 595 1278; x_wconf 88' lang='lat' dir='ltr'>ne</span> <span class='ocrx_word' id='word_1_91' title='bbox 612 1219 643 1277; x_wconf 93' lang='lat' dir='ltr'>in</span> <span class='ocrx_word' id='word_1_92' title='bbox 658 1215 811 1289; x_wconf 81' lang='lat' dir='ltr'>Tiberium</span> <span class='ocrx_word' id='word_1_93' title='bbox 830 1217 950 1296; x_wconf 87' lang='lat' dir='ltr'>quidem</span> <span class='ocrx_word' id='word_1_94' title='bbox 969 1233 1037 1277; x_wconf 90' lang='lat' dir='ltr'>eon·</span> <span class='ocrx_word' id='word_1_95' title='bbox 1078 1221 1083 1228; x_wconf 84' lang='grc'><em>“</em></span> 
     </span>
     <span class='ocr_line' id='line_1_13' title="bbox 42 1303 1037 1385; baseline 0.001 -22"><span class='ocrx_word' id='word_1_96' title='bbox 42 1303 260 1385; x_wconf 52' lang='lat' dir='ltr'>‘icioabst&#39;rnet3</span> <span class='ocrx_word' id='word_1_97' title='bbox 278 1306 359 1384; x_wconf 83' lang='lat' dir='ltr'>iique</span> <span class='ocrx_word' id='word_1_98' title='bbox 379 1323 545 1384; x_wconf 74' lang='lat' dir='ltr'>sermones,</span> <span class='ocrx_word' id='word_1_99' title='bbox 563 1312 713 1383; x_wconf 86' lang='lat' dir='ltr'>tamquam</span> <span class='ocrx_word' id='word_1_100' title='bbox 731 1307 821 1365; x_wconf 88' lang='lat' dir='ltr'>vetita</span> <span class='ocrx_word' id='word_1_101' title='bbox 839 1306 1037 1384; x_wconf 82' lang='lat' dir='ltr'>miscuissent,</span> 
     </span>
     <span class='ocr_line' id='line_1_14' title="bbox 44 1390 1078 1471; baseline 0.002 -21"><span class='ocrx_word' id='word_1_102' title='bbox 44 1393 160 1468; x_wconf 83' lang='lat' dir='ltr'>peciem</span> <span class='ocrx_word' id='word_1_103' title='bbox 177 1399 261 1465; x_wconf 86' lang='lat' dir='ltr'>artae</span> <span class='ocrx_word' id='word_1_104' title='bbox 275 1394 421 1466; x_wconf 86' lang='lat' dir='ltr'>amicitiae</span> <span class='ocrx_word' id='word_1_105' title='bbox 439 1394 546 1453; x_wconf 86' lang='lat' dir='ltr'>iecere.</span> <span class='ocrx_word' id='word_1_106' title='bbox 578 1411 611 1453; x_wconf 90' lang='lat' dir='ltr'>ae</span> <span class='ocrx_word' id='word_1_107' title='bbox 630 1395 689 1453; x_wconf 88' lang='lat' dir='ltr'>iam</span> <span class='ocrx_word' id='word_1_108' title='bbox 706 1390 785 1453; x_wconf 90' lang='lat' dir='ltr'>ultro</span> <span class='ocrx_word' id='word_1_109' title='bbox 804 1393 931 1454; x_wconf 86' lang='lat' dir='ltr'>Sabinus</span> <span class='ocrx_word' id='word_1_110' title='bbox 950 1410 1037 1471; x_wconf 89' lang='lat' dir='ltr'>quae·</span> <span class='ocrx_word' id='word_1_111' title='bbox 1052 1404 1078 1443; x_wconf 81' lang='lat'>2⁰</span> 
     </span>
     <span class='ocr_line' id='line_1_15' title="bbox 42 1477 1038 1561; baseline 0.001 -23"><span class='ocrx_word' id='word_1_112' title='bbox 42 1496 97 1553; x_wconf 87' lang='lat' dir='ltr'>ere</span> <span class='ocrx_word' id='word_1_113' title='bbox 110 1477 269 1559; x_wconf 79' lang='lat' dir='ltr'>Latiarem,</span> <span class='ocrx_word' id='word_1_114' title='bbox 289 1483 432 1551; x_wconf 88' lang='lat' dir='ltr'>ventitare</span> <span class='ocrx_word' id='word_1_115' title='bbox 447 1480 579 1561; x_wconf 86' lang='lat' dir='ltr'>domum,</span> <span class='ocrx_word' id='word_1_116' title='bbox 594 1480 711 1541; x_wconf 89' lang='lat' dir='ltr'>dolores</span> <span class='ocrx_word' id='word_1_117' title='bbox 726 1498 796 1541; x_wconf 90' lang='lat' dir='ltr'>suos</span> <span class='ocrx_word' id='word_1_118' title='bbox 811 1483 896 1559; x_wconf 89' lang='lat' dir='ltr'>quasi</span> <span class='ocrx_word' id='word_1_119' title='bbox 909 1480 949 1555; x_wconf 33' lang='lat' dir='ltr'>ad.</span> <span class='ocrx_word' id='word_1_120' title='bbox 960 1479 1038 1545; x_wconf 82' lang='lat' dir='ltr'>ndis-</span> 
     </span>
     <span class='ocr_line' id='line_1_16' title="bbox 42 1567 278 1643; baseline 0.004 -15"><span class='ocrx_word' id='word_1_121' title='bbox 42 1567 278 1643; x_wconf 36' lang='lat' dir='ltr'>rimurpdeferre.</span> 
     </span>
    </p>

    <p class='ocr_par' dir='ltr' id='par_1_3' title="bbox 42 1652 1078 3067">
     <span class='ocr_line' id='line_1_17' title="bbox 96 1652 1040 1738; baseline -0.001 -22"><span class='ocrx_word' id='word_1_122' title='bbox 96 1652 147 1716; x_wconf 84' lang='lat'>69.</span> <span class='ocrx_word' id='word_1_123' title='bbox 163 1655 337 1724; x_wconf 82' lang='lat' dir='ltr'>Consultant</span> <span class='ocrx_word' id='word_1_124' title='bbox 346 1675 423 1736; x_wconf 88' lang='lat' dir='ltr'>quos</span> <span class='ocrx_word' id='word_1_125' title='bbox 434 1659 604 1738; x_wconf 85' lang='lat' dir='ltr'>memoravi,</span> <span class='ocrx_word' id='word_1_126' title='bbox 618 1675 746 1736; x_wconf 89' lang='lat' dir='ltr'>quonam</span> <span class='ocrx_word' id='word_1_127' title='bbox 760 1656 847 1717; x_wconf 86' lang='lat' dir='ltr'>modo</span> <span class='ocrx_word' id='word_1_128' title='bbox 862 1674 895 1716; x_wconf 92' lang='lat' dir='ltr'>ea</span> <span class='ocrx_word' id='word_1_129' title='bbox 909 1655 1040 1735; x_wconf 87' lang='lat' dir='ltr'>plurium</span> 
     </span>
     <span class='ocr_line' id='line_1_18' title="bbox 42 1743 1039 1826; baseline -0.001 -22"><span class='ocrx_word' id='word_1_130' title='bbox 42 1745 130 1805; x_wconf 71' lang='lat' dir='ltr'>‚uditu</span> <span class='ocrx_word' id='word_1_131' title='bbox 146 1747 361 1824; x_wconf 88' lang='lat' dir='ltr'>acciperentur.</span> <span class='ocrx_word' id='word_1_132' title='bbox 389 1763 457 1805; x_wconf 89' lang='lat' dir='ltr'>nam</span> <span class='ocrx_word' id='word_1_133' title='bbox 475 1745 553 1826; x_wconf 88' lang='lat' dir='ltr'>loco,</span> <span class='ocrx_word' id='word_1_134' title='bbox 571 1747 603 1806; x_wconf 91' lang='lat' dir='ltr'>in</span> <span class='ocrx_word' id='word_1_135' title='bbox 622 1763 711 1824; x_wconf 92' lang='lat' dir='ltr'>quem</span> <span class='ocrx_word' id='word_1_136' title='bbox 729 1744 878 1826; x_wconf 84' lang='lat' dir='ltr'>coibatur,</span> <span class='ocrx_word' id='word_1_137' title='bbox 898 1743 1039 1805; x_wconf 80' lang='lat' dir='ltr'>servanda</span> 
     </span>
     <span class='ocr_line' id='line_1_19' title="bbox 44 1833 1038 1915; baseline -0.002 -21"><span class='ocrx_word' id='word_1_138' title='bbox 44 1833 198 1903; x_wconf 89' lang='lat' dir='ltr'>olitudinis</span> <span class='ocrx_word' id='word_1_139' title='bbox 213 1834 316 1915; x_wconf 81' lang='lat' dir='ltr'>sapies3</span> <span class='ocrx_word' id='word_1_140' title='bbox 335 1841 366 1895; x_wconf 92' lang='lat' dir='ltr'>et</span> <span class='ocrx_word' id='word_1_141' title='bbox 385 1836 411 1895; x_wconf 92' lang='lat' dir='ltr'>si</span> <span class='ocrx_word' id='word_1_142' title='bbox 429 1852 506 1913; x_wconf 89' lang='lat' dir='ltr'>pone</span> <span class='ocrx_word' id='word_1_143' title='bbox 525 1834 604 1895; x_wconf 87' lang='lat' dir='ltr'>fores</span> <span class='ocrx_word' id='word_1_144' title='bbox 623 1833 814 1914; x_wconf 80' lang='lat' dir='ltr'>adsisterent,</span> <span class='ocrx_word' id='word_1_145' title='bbox 832 1842 930 1894; x_wconf 91' lang='lat' dir='ltr'>metus</span> <span class='ocrx_word' id='word_1_146' title='bbox 948 1833 1038 1912; x_wconf 92' lang='lat' dir='ltr'>visus,</span> 
     </span>
     <span class='ocr_line' id='line_1_20' title="bbox 44 1920 1038 2002; baseline 0 -20"><span class='ocrx_word' id='word_1_147' title='bbox 44 1924 149 1997; x_wconf 86' lang='lat' dir='ltr'>onitus</span> <span class='ocrx_word' id='word_1_148' title='bbox 163 1929 215 1997; x_wconf 74' lang='lat' dir='ltr'>ant</span> <span class='ocrx_word' id='word_1_149' title='bbox 233 1923 310 1996; x_wconf 83' lang='lat' dir='ltr'>sorte</span> <span class='ocrx_word' id='word_1_150' title='bbox 329 1932 411 1996; x_wconf 87' lang='lat' dir='ltr'>ortae</span> <span class='ocrx_word' id='word_1_151' title='bbox 430 1924 608 2002; x_wconf 82' lang='lat' dir='ltr'>suspicionis</span> <span class='ocrx_word' id='word_1_152' title='bbox 627 1930 699 1996; x_wconf 87' lang='lat' dir='ltr'>erat.</span> <span class='ocrx_word' id='word_1_153' title='bbox 732 1930 843 1993; x_wconf 83' lang='lat' dir='ltr'>tectum</span> <span class='ocrx_word' id='word_1_154' title='bbox 863 1924 941 1983; x_wconf 86' lang='lat' dir='ltr'>inter</span> <span class='ocrx_word' id='word_1_155' title='bbox 955 1928 985 1982; x_wconf 90' lang='lat' dir='ltr'>et</span> <span class='ocrx_word' id='word_1_156' title='bbox 999 1920 1038 1982; x_wconf 90' lang='lat' dir='ltr'>la-</span> 
     </span>
     <span class='ocr_line' id='line_1_21' title="bbox 42 2010 1065 2092; baseline -0.001 -21"><span class='ocrx_word' id='word_1_157' title='bbox 42 2013 156 2090; x_wconf 79' lang='lat' dir='ltr'>[naaria</span> <span class='ocrx_word' id='word_1_158' title='bbox 167 2019 230 2086; x_wconf 82' lang='lat' dir='ltr'>tres</span> <span class='ocrx_word' id='word_1_159' title='bbox 248 2020 413 2092; x_wconf 87' lang='lat' dir='ltr'>senatores,</span> <span class='ocrx_word' id='word_1_160' title='bbox 432 2011 510 2072; x_wconf 89' lang='lat' dir='ltr'>haud</span> <span class='ocrx_word' id='word_1_161' title='bbox 528 2013 627 2072; x_wconf 87' lang='lat' dir='ltr'>minus</span> <span class='ocrx_word' id='word_1_162' title='bbox 651 2013 733 2090; x_wconf 91' lang='lat' dir='ltr'>turpi</span> <span class='ocrx_word' id='word_1_163' title='bbox 751 2010 863 2080; x_wconf 86' lang='lat' dir='ltr'>latebra</span> <span class='ocrx_word' id='word_1_164' title='bbox 881 2029 970 2091; x_wconf 90' lang='lat' dir='ltr'>quam</span> <span class='ocrx_word' id='word_1_165' title='bbox 989 2010 1065 2071; x_wconf 71' lang='lat' dir='ltr'>dee</span> 
     </span>
     <span class='ocr_line' id='line_1_22' title="bbox 42 2099 1038 2180; baseline 0 -21"><span class='ocrx_word' id='word_1_166' title='bbox 42 2100 164 2173; x_wconf 77' lang='lat' dir='ltr'>astando</span> <span class='ocrx_word' id='word_1_167' title='bbox 177 2099 290 2180; x_wconf 79' lang='lat' dir='ltr'>fraude,</span> <span class='ocrx_word' id='word_1_168' title='bbox 304 2118 369 2173; x_wconf 90' lang='lat' dir='ltr'>sese</span> <span class='ocrx_word' id='word_1_169' title='bbox 384 2099 570 2180; x_wconf 83' lang='lat' dir='ltr'>abstrudunt,</span> <span class='ocrx_word' id='word_1_170' title='bbox 585 2100 781 2169; x_wconf 87' lang='lat' dir='ltr'>foraminibus</span> <span class='ocrx_word' id='word_1_171' title='bbox 794 2106 824 2161; x_wconf 91' lang='lat' dir='ltr'>et</span> <span class='ocrx_word' id='word_1_172' title='bbox 838 2102 921 2170; x_wconf 89' lang='lat' dir='ltr'>rimis</span> <span class='ocrx_word' id='word_1_173' title='bbox 935 2117 1038 2162; x_wconf 85' lang='lat' dir='ltr'>aurem</span> 
     </span>
     <span class='ocr_line' id='line_1_23' title="bbox 42 2188 1039 2268; baseline 0.001 -20"><span class='ocrx_word' id='word_1_174' title='bbox 42 2188 193 2263; x_wconf 48' lang='lat' dir='ltr'>¹dmorcnt</span> <span class='ocrx_word' id='word_1_175' title='bbox 232 2190 344 2262; x_wconf 78' lang='lat' dir='ltr'>interea</span> <span class='ocrx_word' id='word_1_176' title='bbox 367 2189 492 2262; x_wconf 86' lang='lat' dir='ltr'>Latiaris</span> <span class='ocrx_word' id='word_1_177' title='bbox 514 2196 668 2268; x_wconf 88' lang='lat' dir='ltr'>repertum</span> <span class='ocrx_word' id='word_1_178' title='bbox 690 2192 722 2250; x_wconf 93' lang='lat' dir='ltr'>in</span> <span class='ocrx_word' id='word_1_179' title='bbox 743 2188 864 2268; x_wconf 87' lang='lat' dir='ltr'>publico</span> <span class='ocrx_word' id='word_1_180' title='bbox 888 2189 1039 2267; x_wconf 90' lang='lat' dir='ltr'>Sabinum,</span> 
     </span>
     <span class='ocr_line' id='line_1_24' title="bbox 42 2276 1038 2358; baseline 0.001 -22"><span class='ocrx_word' id='word_1_181' title='bbox 42 2276 112 2350; x_wconf 58' lang='lat' dir='ltr'>&#39;elui</span> <span class='ocrx_word' id='word_1_182' title='bbox 124 2293 229 2347; x_wconf 60' lang='lat' dir='ltr'>recens</span> <span class='ocrx_word' id='word_1_183' title='bbox 243 2279 360 2356; x_wconf 81' lang='lat' dir='ltr'>cognita</span> <span class='ocrx_word' id='word_1_184' title='bbox 374 2286 558 2358; x_wconf 88' lang='lat' dir='ltr'>narraturus,</span> <span class='ocrx_word' id='word_1_185' title='bbox 573 2278 692 2338; x_wconf 88' lang='lat' dir='ltr'>domum</span> <span class='ocrx_word' id='word_1_186' title='bbox 706 2285 736 2339; x_wconf 90' lang='lat' dir='ltr'>et</span> <span class='ocrx_word' id='word_1_187' title='bbox 750 2279 781 2339; x_wconf 96' lang='lat' dir='ltr'>in</span> <span class='ocrx_word' id='word_1_188' title='bbox 795 2277 966 2340; x_wconf 88' lang='lat' dir='ltr'>cubiculum</span> <span class='ocrx_word' id='word_1_189' title='bbox 980 2285 1038 2337; x_wconf 88' lang='lat' dir='ltr'>tra·</span> 
     </span>
     <span class='ocr_line' id='line_1_25' title="bbox 42 2366 1038 2447; baseline 0 -22"><span class='ocrx_word' id='word_1_190' title='bbox 42 2367 86 2446; x_wconf 80' lang='lat' dir='ltr'>rit3</span> <span class='ocrx_word' id='word_1_191' title='bbox 104 2366 325 2444; x_wconf 80' lang='lat' dir='ltr'>praeteritaque</span> <span class='ocrx_word' id='word_1_192' title='bbox 338 2373 368 2427; x_wconf 90' lang='lat' dir='ltr'>et</span> <span class='ocrx_word' id='word_1_193' title='bbox 382 2368 535 2446; x_wconf 91' lang='lat' dir='ltr'>instantia,</span> <span class='ocrx_word' id='word_1_194' title='bbox 550 2385 678 2446; x_wconf 91' lang='lat' dir='ltr'>quorum</span> <span class='ocrx_word' id='word_1_195' title='bbox 692 2366 813 2440; x_wconf 85' lang='lat' dir='ltr'>adfatim</span> <span class='ocrx_word' id='word_1_196' title='bbox 827 2369 923 2447; x_wconf 89' lang='lat' dir='ltr'>eopia,</span> <span class='ocrx_word' id='word_1_197' title='bbox 939 2384 973 2434; x_wconf 87' lang='lat' dir='ltr'>ae</span> <span class='ocrx_word' id='word_1_198' title='bbox 988 2384 1038 2426; x_wconf 92' lang='lat' dir='ltr'>no·</span> 
     </span>
     <span class='ocr_line' id='line_1_26' title="bbox 42 2447 1078 2536; baseline -0.002 -21"><span class='ocrx_word' id='word_1_199' title='bbox 42 2472 83 2527; x_wconf 63' lang='lat' dir='ltr'>&#39;os</span> <span class='ocrx_word' id='word_1_200' title='bbox 95 2461 226 2529; x_wconf 83' lang='lat' dir='ltr'>terrores</span> <span class='ocrx_word' id='word_1_201' title='bbox 240 2447 379 2529; x_wconf 84' lang='lat' dir='ltr'>cumulat.</span> <span class='ocrx_word' id='word_1_202' title='bbox 407 2453 509 2518; x_wconf 87' lang='lat' dir='ltr'>eadem</span> <span class='ocrx_word' id='word_1_203' title='bbox 527 2452 576 2516; x_wconf 91' lang='lat' dir='ltr'>ille</span> <span class='ocrx_word' id='word_1_204' title='bbox 595 2462 625 2516; x_wconf 92' lang='lat' dir='ltr'>et</span> <span class='ocrx_word' id='word_1_205' title='bbox 643 2454 769 2536; x_wconf 87' lang='lat' dir='ltr'>diutius,</span> <span class='ocrx_word' id='word_1_206' title='bbox 788 2463 898 2534; x_wconf 88' lang='lat' dir='ltr'>quanto</span> <span class='ocrx_word' id='word_1_207' title='bbox 917 2461 1078 2533; x_wconf 87' lang='lat' dir='ltr'>maesta,10</span> 
     </span>
     <span class='ocr_line' id='line_1_27' title="bbox 42 2540 1037 2624; baseline -0.004 -21"><span class='ocrx_word' id='word_1_208' title='bbox 42 2541 87 2615; x_wconf 79' lang='lat' dir='ltr'>rbi</span> <span class='ocrx_word' id='word_1_209' title='bbox 101 2541 193 2617; x_wconf 85' lang='lat' dir='ltr'>semel</span> <span class='ocrx_word' id='word_1_210' title='bbox 209 2560 388 2624; x_wconf 81' lang='lat' dir='ltr'>prorupere,</span> <span class='ocrx_word' id='word_1_211' title='bbox 412 2542 562 2605; x_wconf 83' lang='lat' dir='ltr'>difficilius</span> <span class='ocrx_word' id='word_1_212' title='bbox 585 2545 757 2604; x_wconf 87' lang='lat' dir='ltr'>reticentur.</span> <span class='ocrx_word' id='word_1_213' title='bbox 794 2549 950 2621; x_wconf 87' lang='lat' dir='ltr'>properata</span> <span class='ocrx_word' id='word_1_214' title='bbox 969 2540 1037 2600; x_wconf 90' lang='lat' dir='ltr'>inde</span> 
     </span>
     <span class='ocr_line' id='line_1_28' title="bbox 42 2628 1039 2711; baseline -0.002 -20"><span class='ocrx_word' id='word_1_215' title='bbox 42 2633 191 2711; x_wconf 74' lang='lat' dir='ltr'>recusatio,</span> <span class='ocrx_word' id='word_1_216' title='bbox 218 2633 377 2711; x_wconf 73' lang='lat' dir='ltr'>ndssisque</span> <span class='ocrx_word' id='word_1_217' title='bbox 401 2632 437 2693; x_wconf 91' lang='lat' dir='ltr'>ad</span> <span class='ocrx_word' id='word_1_218' title='bbox 461 2632 615 2692; x_wconf 83' lang='lat' dir='ltr'>Caesarem</span> <span class='ocrx_word' id='word_1_219' title='bbox 637 2631 745 2691; x_wconf 91' lang='lat' dir='ltr'>litteris</span> <span class='ocrx_word' id='word_1_220' title='bbox 768 2631 904 2691; x_wconf 89' lang='lat' dir='ltr'>ordinem</span> <span class='ocrx_word' id='word_1_221' title='bbox 926 2628 1039 2690; x_wconf 79' lang='lat' dir='ltr'>fraudis</span> 
     </span>
     <span class='ocr_line' id='line_1_29' title="bbox 42 2719 1039 2798; baseline 0.002 -22"><span class='ocrx_word' id='word_1_222' title='bbox 42 2736 178 2797; x_wconf 56' lang='lat' dir='ltr'>auramque</span> <span class='ocrx_word' id='word_1_223' title='bbox 200 2721 265 2798; x_wconf 66' lang='lat' dir='ltr'>ipsi⁴</span> <span class='ocrx_word' id='word_1_224' title='bbox 280 2720 411 2782; x_wconf 87' lang='lat' dir='ltr'>dedecus</span> <span class='ocrx_word' id='word_1_225' title='bbox 429 2737 594 2781; x_wconf 89' lang='lat' dir='ltr'>narravere.</span> <span class='ocrx_word' id='word_1_226' title='bbox 626 2737 686 2779; x_wconf 94' lang='lat' dir='ltr'>non</span> <span class='ocrx_word' id='word_1_227' title='bbox 704 2719 776 2780; x_wconf 88' lang='lat' dir='ltr'>alias</span> <span class='ocrx_word' id='word_1_228' title='bbox 794 2720 887 2797; x_wconf 84' lang='lat' dir='ltr'>magis</span> <span class='ocrx_word' id='word_1_229' title='bbox 906 2719 992 2790; x_wconf 85' lang='lat' dir='ltr'>anxia</span> <span class='ocrx_word' id='word_1_230' title='bbox 1009 2725 1039 2778; x_wconf 90' lang='lat' dir='ltr'>et</span> 
     </span>
     <span class='ocr_line' id='line_1_30' title="bbox 42 2808 1037 2888; baseline 0.001 -22"><span class='ocrx_word' id='word_1_231' title='bbox 42 2823 141 2880; x_wconf 70' lang='lat' dir='ltr'>»avens</span> <span class='ocrx_word' id='word_1_232' title='bbox 150 2808 261 2886; x_wconf 83' lang='lat' dir='ltr'>civitas,</span> <span class='ocrx_word' id='word_1_233' title='bbox 275 2811 405 2872; x_wconf 89' lang='lat' dir='ltr'>reticens</span> <span class='ocrx_word' id='word_1_234' title='bbox 416 2809 571 2870; x_wconf 85' lang='lat' dir='ltr'>adversum</span> <span class='ocrx_word' id='word_1_235' title='bbox 585 2809 748 2888; x_wconf 79' lang='lat' dir='ltr'>proximos3</span> <span class='ocrx_word' id='word_1_236' title='bbox 762 2825 954 2888; x_wconf 82' lang='lat' dir='ltr'>congressus,</span> <span class='ocrx_word' id='word_1_237' title='bbox 969 2825 1037 2868; x_wconf 88' lang='lat' dir='ltr'>eon·</span> 
     </span>
     <span class='ocr_line' id='line_1_31' title="bbox 42 2897 1078 2978; baseline -0.001 -22"><span class='ocrx_word' id='word_1_238' title='bbox 42 2897 142 2976; x_wconf 90' lang='lat' dir='ltr'>oquia,</span> <span class='ocrx_word' id='word_1_239' title='bbox 160 2904 246 2970; x_wconf 85' lang='lat' dir='ltr'>notae</span> <span class='ocrx_word' id='word_1_240' title='bbox 264 2900 441 2978; x_wconf 77' lang='lat' dir='ltr'>ignotaeque</span> <span class='ocrx_word' id='word_1_241' title='bbox 459 2915 547 2959; x_wconf 89' lang='lat' dir='ltr'>aures</span> <span class='ocrx_word' id='word_1_242' title='bbox 564 2898 664 2977; x_wconf 79' lang='lat' dir='ltr'>vitari3</span> <span class='ocrx_word' id='word_1_243' title='bbox 683 2898 771 2957; x_wconf 90' lang='lat' dir='ltr'>etiam</span> <span class='ocrx_word' id='word_1_244' title='bbox 789 2903 869 2958; x_wconf 89' lang='lat' dir='ltr'>muta</span> <span class='ocrx_word' id='word_1_245' title='bbox 888 2904 976 2978; x_wconf 90' lang='lat' dir='ltr'>atque</span> <span class='ocrx_word' id='word_1_246' title='bbox 995 2898 1038 2956; x_wconf 92' lang='lat' dir='ltr'>in·</span> <span class='ocrx_word' id='word_1_247' title='bbox 1053 2908 1078 2946; x_wconf 81' lang='lat'>1⁵</span> 
     </span>
     <span class='ocr_line' id='line_1_32' title="bbox 42 2985 927 3067; baseline 0 -22"><span class='ocrx_word' id='word_1_248' title='bbox 42 2987 138 3067; x_wconf 90' lang='lat' dir='ltr'>nima,</span> <span class='ocrx_word' id='word_1_249' title='bbox 153 2993 266 3060; x_wconf 80' lang='lat' dir='ltr'>tectum</span> <span class='ocrx_word' id='word_1_250' title='bbox 280 2996 310 3047; x_wconf 91' lang='lat' dir='ltr'>et</span> <span class='ocrx_word' id='word_1_251' title='bbox 324 2989 453 3065; x_wconf 90' lang='lat' dir='ltr'>parietes</span> <span class='ocrx_word' id='word_1_252' title='bbox 468 2985 800 3065; x_wconf 88' lang='lat' dir='ltr'>circumspectabantur.</span> <span class='ocrx_word' id='word_1_253' title='bbox 923 3051 927 3057; x_wconf 57' lang='grc'>,</span> 
     </span>
    </p>

    <p class='ocr_par' dir='ltr' id='par_1_4' title="bbox 42 3071 1039 3245">
     <span class='ocr_line' id='line_1_33' title="bbox 98 3071 1039 3153; baseline -0.004 -17"><span class='ocrx_word' id='word_1_254' title='bbox 98 3071 148 3136; x_wconf 89' lang='grc'>70.</span> <span class='ocrx_word' id='word_1_255' title='bbox 173 3073 231 3136; x_wconf 84' lang='lat' dir='ltr'>Sed</span> <span class='ocrx_word' id='word_1_256' title='bbox 251 3073 358 3136; x_wconf 83' lang='lat' dir='ltr'>Caesar</span> <span class='ocrx_word' id='word_1_257' title='bbox 382 3074 534 3137; x_wconf 87' lang='lat' dir='ltr'>sollemnia</span> <span class='ocrx_word' id='word_1_258' title='bbox 557 3076 726 3153; x_wconf 89' lang='lat' dir='ltr'>incipientis</span> <span class='ocrx_word' id='word_1_259' title='bbox 750 3076 820 3135; x_wconf 90' lang='lat' dir='ltr'>anni</span> <span class='ocrx_word' id='word_1_260' title='bbox 841 3073 974 3135; x_wconf 88' lang='lat' dir='ltr'>kalendis</span> <span class='ocrx_word' id='word_1_261' title='bbox 997 3072 1039 3132; x_wconf 92' lang='lat' dir='ltr'>la·</span> 
     </span>
     <span class='ocr_line' id='line_1_34' title="bbox 42 3161 1038 3245; baseline -0.004 -21"><span class='ocrx_word' id='word_1_262' title='bbox 42 3166 142 3225; x_wconf 85' lang='lat' dir='ltr'>ruariis</span> <span class='ocrx_word' id='word_1_263' title='bbox 157 3163 283 3242; x_wconf 91' lang='lat' dir='ltr'>epistula</span> <span class='ocrx_word' id='word_1_264' title='bbox 298 3172 450 3245; x_wconf 88' lang='lat' dir='ltr'>precatus,</span> <span class='ocrx_word' id='word_1_265' title='bbox 464 3166 554 3226; x_wconf 88' lang='lat' dir='ltr'>vertit</span> <span class='ocrx_word' id='word_1_266' title='bbox 567 3165 599 3223; x_wconf 93' lang='lat' dir='ltr'>in</span> <span class='ocrx_word' id='word_1_267' title='bbox 614 3161 765 3244; x_wconf 90' lang='lat' dir='ltr'>Sabinum,</span> <span class='ocrx_word' id='word_1_268' title='bbox 779 3168 936 3241; x_wconf 89' lang='lat' dir='ltr'>corruptos</span> <span class='ocrx_word' id='word_1_269' title='bbox 951 3178 1038 3239; x_wconf 90' lang='lat' dir='ltr'>quos-</span> 
     </span>
    </p>
   </div>
   <div class='ocr_carea' id='block_1_3' title="bbox 42 3310 1040 3599">
    <p class='ocr_par' dir='ltr' id='par_1_5' title="bbox 42 3310 1040 3599">
     <span class='ocr_line' id='line_1_35' title="bbox 100 3310 1038 3384; baseline -0.005 -13"><span class='ocrx_word' id='word_1_270' title='bbox 100 3315 146 3383; x_wconf 79' lang='grc'>68,</span> <span class='ocrx_word' id='word_1_271' title='bbox 165 3323 200 3372; x_wconf 75' lang='lat'>20</span> <span class='ocrx_word' id='word_1_272' title='bbox 219 3315 310 3372; x_wconf 86' lang='lat' dir='ltr'>fecere</span> <span class='ocrx_word' id='word_1_273' title='bbox 329 3317 470 3372; x_wconf 67' lang='lat' dir='ltr'>Faernus:</span> <span class='ocrx_word' id='word_1_274' title='bbox 489 3316 580 3370; x_wconf 85' lang='lat' dir='ltr'>facere</span> <span class='ocrx_word' id='word_1_275' title='bbox 596 3318 601 3384; x_wconf 74' lang='lat' dir='ltr'>i</span> <span class='ocrx_word' id='word_1_276' title='bbox 617 3315 662 3383; x_wconf 80' lang='grc'>69,</span> <span class='ocrx_word' id='word_1_277' title='bbox 682 3322 698 3370; x_wconf 88' lang='grc'><strong>3</strong></span> <span class='ocrx_word' id='word_1_278' title='bbox 717 3315 793 3369; x_wconf 89' lang='lat' dir='ltr'>metu</span> <span class='ocrx_word' id='word_1_279' title='bbox 812 3315 841 3383; x_wconf 83' lang='lat' dir='ltr'>(i.</span> <span class='ocrx_word' id='word_1_280' title='bbox 857 3330 877 3369; x_wconf 87' lang='lat' dir='ltr'>e.</span> <span class='ocrx_word' id='word_1_281' title='bbox 896 3310 1016 3381; x_wconf 83' lang='lat' dir='ltr'>metui).</span> <span class='ocrx_word' id='word_1_282' title='bbox 1032 3354 1038 3366; x_wconf 92' lang='lat'>.</span> 
     </span>
     <span class='ocr_line' id='line_1_36' title="bbox 42 3382 1038 3458; baseline -0.007 -16"><span class='ocrx_word' id='word_1_283' title='bbox 42 3386 203 3458; x_wconf 65' lang='lat' dir='ltr'>uspicientes</span> <span class='ocrx_word' id='word_1_284' title='bbox 218 3391 299 3443; x_wconf 81' lang='lat' dir='ltr'>erant</span> <span class='ocrx_word' id='word_1_285' title='bbox 311 3388 425 3444; x_wconf 58' lang='lat' dir='ltr'>Maesti</span> <span class='ocrx_word' id='word_1_286' title='bbox 441 3393 445 3454; x_wconf 75' lang='lat' dir='ltr'>t</span> <span class='ocrx_word' id='word_1_287' title='bbox 460 3389 549 3441; x_wconf 76' lang='lat' dir='ltr'>terat</span> <span class='ocrx_word' id='word_1_288' title='bbox 561 3387 724 3442; x_wconf 78' lang='lat' dir='ltr'>Rhenanus:</span> <span class='ocrx_word' id='word_1_289' title='bbox 739 3386 819 3440; x_wconf 79' lang='lat' dir='ltr'>eraut</span> <span class='ocrx_word' id='word_1_290' title='bbox 834 3389 839 3455; x_wconf 79' lang='grc' dir='ltr'>Ι</span> <span class='ocrx_word' id='word_1_291' title='bbox 856 3390 889 3438; x_wconf 90' lang='grc'>10</span> <span class='ocrx_word' id='word_1_292' title='bbox 904 3385 1021 3450; x_wconf 82' lang='lat' dir='ltr'>qaranto</span> <span class='ocrx_word' id='word_1_293' title='bbox 1033 3382 1038 3453; x_wconf 87' lang='grc' dir='ltr'>Ι</span> 
     </span>
     <span class='ocr_line' id='line_1_37' title="bbox 46 3453 1040 3529; baseline -0.006 -15"><span class='ocrx_word' id='word_1_294' title='bbox 46 3465 62 3514; x_wconf 86' lang='grc'><strong>3</strong></span> <span class='ocrx_word' id='word_1_295' title='bbox 87 3457 148 3529; x_wconf 87' lang='lat' dir='ltr'>ipse</span> <span class='ocrx_word' id='word_1_296' title='bbox 171 3461 176 3528; x_wconf 80' lang='grc' dir='ltr'>Ι</span> <span class='ocrx_word' id='word_1_297' title='bbox 200 3464 234 3513; x_wconf 86' lang='grc'>14</span> <span class='ocrx_word' id='word_1_298' title='bbox 251 3458 373 3514; x_wconf 82' lang='lat' dir='ltr'>reticens</span> <span class='ocrx_word' id='word_1_299' title='bbox 396 3458 596 3514; x_wconf 80' lang='lat' dir='ltr'>Weieeenborn:</span> <span class='ocrx_word' id='word_1_300' title='bbox 625 3472 711 3526; x_wconf 77' lang='lat' dir='ltr'>egens</span> <span class='ocrx_word' id='word_1_301' title='bbox 730 3458 839 3528; x_wconf 79' lang='lat' dir='ltr'>(tegens</span> <span class='ocrx_word' id='word_1_302' title='bbox 861 3453 987 3525; x_wconf 65' lang='lat' dir='ltr'>maso,</span> <span class='ocrx_word' id='word_1_303' title='bbox 1010 3469 1040 3508; x_wconf 88' lang='lat' dir='ltr'>se</span> 
     </span>
     <span class='ocr_line' id='line_1_38' title="bbox 42 3529 323 3599; baseline 0.004 -15"><span class='ocrx_word' id='word_1_304' title='bbox 42 3546 128 3599; x_wconf 83' lang='lat' dir='ltr'>egene</span> <span class='ocrx_word' id='word_1_305' title='bbox 151 3529 323 3598; x_wconf 79' lang='lat' dir='ltr'>Vertraut&#39;ne)</span> 
     </span>
    </p>
   </div>
   <div class='ocr_carea' id='block_1_4' title="bbox 0 0 1200 3876">
    <p class='ocr_par' dir='ltr' id='par_1_6' title="bbox 0 0 1200 3876">
     <span class='ocr_line' id='line_1_39' title="bbox 0 0 1200 3876; baseline 0 0"><span class='ocrx_word' id='word_1_306' title='bbox 0 0 1200 3876; x_wconf 95' lang='lat' dir='ltr'> </span> 
     </span>
    </p>
   </div>
  </div>
 </body>
</html>
