2392 3876
266 171 314 224 AB
332 169 493 227 Excusso
512 168 670 226 AUGUSTI
688 171 708 226 1.
728 176 841 227 tta-to.
1020 172 1062 238 37

55 323 182 383 clamore
197 329 227 382 et
240 323 354 399 impetu
368 322 460 398 tergis
474 318 687 381 Germanorum
701 318 993 402 circumfunduntur,
1015 340 1063 383 ex·
1077 338 1104 378 ro
1151 399 1153 403 y

55 411 232 490 probrantes
251 427 310 470 non
329 409 377 470 hic
396 408 484 469 silvas
503 426 558 469 nec
577 408 712 490 paludes,
735 409 786 469 sed
806 411 908 489 aequis
927 409 999 470 locis
1018 428 1064 470 ae·

56 517 131 579 quos
155 499 235 560 deos.
275 497 355 558 hosti
379 497 464 558 lacile
487 497 635 558 excidium
658 505 688 558 et
710 515 821 577 paucos
844 515 878 558 ac
902 516 1064 559 semermos

56 590 199 667 cogitanti
217 604 308 647 sonus
327 586 481 666 tubarum,
504 585 601 664 fulgor
619 603 781 667 armorum,
806 593 917 665 quanto
936 589 1064 668 inopina,

56 685 138 738 tanto
155 678 266 736 maiora
284 675 491 755 offunduntur,
515 674 730 756 cadebantque,
754 681 788 735 ut
811 674 902 736 rebus
926 675 1066 736 secundis

55 766 146 845 avidi,
165 767 205 825 ita
223 765 355 825 adversis
377 765 497 824 incauti.
534 763 685 823 Arminius
708 766 836 845 integer,
860 762 1066 843 Inguiomerus
1079 782 1105 824 aa

55 861 124 933 post
137 871 225 932 grave
240 851 347 913 vulnus
360 869 489 931 pugnam
504 851 676 914 deseruere:
695 851 801 932 vulgus
816 853 997 914 trucidatum
1011 861 1066 934 est,

56 943 152 1003 donec
167 944 211 1002 ira
224 949 255 1002 et
268 941 332 1002 dies
345 942 517 1019 permansit.
545 947 632 1002 nocte
646 940 765 1002 demum
775 958 911 1002 reversae
926 941 1066 1023 legiones,

57 1031 191 1109 quamvis
204 1029 272 1109 plns
285 1028 449 1110 vulnerum,
465 1030 567 1090 eadem
578 1029 713 1091 ciborum
723 1037 839 1108 egestas
849 1030 993 1111 fatigaret,
1007 1031 1067 1090 vim

57 1120 212 1180 sanitatem
227 1120 335 1200 copias,
350 1127 457 1180 cuneta
470 1121 501 1180 in
515 1120 639 1179 victoria
653 1117 791 1180 habuere.

125 1204 176 1270 69.
194 1207 367 1269 Pervaserat
381 1209 500 1267 interim
514 1209 710 1268 circumventi
724 1209 873 1269 exercitus
887 1208 963 1269 lama
977 1216 1008 1269 et
1023 1209 1067 1269 in-
1084 1224 1086 1229 ’

56 1298 132 1358 sesto
152 1297 367 1357 Germanorum
386 1297 501 1373 agmine
520 1295 627 1355 Gallias
645 1298 720 1375 peti,
741 1313 775 1357 ac
794 1297 825 1356 ni
843 1297 1006 1376 Agrippina
1023 1298 1067 1357 in·

56 1388 187 1464 positum
202 1384 305 1444 Rheno
319 1389 440 1462 pontem
455 1382 530 1442 solvi
543 1381 757 1463 prohibuisset,
776 1392 861 1444 erant
875 1387 926 1462 qui
940 1385 969 1445 id
987 1385 1067 1463 ssagi-

56 1476 133 1532 tium
157 1472 314 1531 lormidine
334 1470 489 1540 auderent.
522 1470 573 1530 sed
597 1470 705 1529 lemina
727 1472 832 1548 ingens
856 1474 946 1532 animi
967 1475 1068 1532 munia

58 1561 145 1620 ducis
154 1577 209 1637 per
220 1576 271 1618 eos
283 1559 347 1618 dies
361 1557 467 1638 induit,
481 1555 694 1638 militibusque,
707 1566 741 1618 ut
755 1561 823 1636 quis
837 1561 923 1637 inops
937 1567 988 1620 aut
1003 1578 1067 1620 sau·
1082 1579 1094 1618 a

59 1650 139 1727 cius,
157 1657 270 1707 vestem
285 1654 315 1706 et
329 1645 457 1706 tomenta
471 1645 605 1725 dilargita
620 1652 674 1706 est.
701 1646 792 1707 tradit
806 1646 836 1707 C.
851 1646 978 1727 Plinius,
997 1647 1068 1707 Ger·

58 1738 243 1797 manicarum
257 1735 403 1796 bellorum
417 1736 558 1814 scriptor,
579 1737 697 1795 stetisse
711 1736 788 1814 apud
804 1737 983 1815 principium
998 1754 1069 1814 pon-

58 1828 107 1906 tis,
126 1824 228 1886 landes
242 1832 272 1885 et
285 1832 384 1904 grates
398 1825 526 1885 reversis
536 1822 702 1903 legionibus
718 1823 884 1884 habentem.
912 1824 941 1884 id
958 1823 1070 1886 Tiberii

58 1917 189 1975 animum
204 1912 292 1974 altius
306 1914 485 1992 penetravit:
504 1931 564 1973 non
579 1914 657 1974 enim
672 1912 820 1991 simplices
835 1931 884 1973 eas
899 1931 999 1995 curas,
1014 1932 1069 1975 nec

58 2003 200 2063 adversus
218 2010 357 2063 externos
373 2001 500 2062 militum
515 2005 618 2062 stadia
633 2003 744 2080 quaeri.
772 2001 845 2062 nihil
861 2001 997 2063 relictum
1016 2006 1109 2063 im-1a

58 2091 256 2173 peratoribus,
269 2089 322 2152 ubi
336 2090 444 2151 lemina
456 2089 622 2169 manipulos
633 2092 796 2170 intervisat,
811 2093 894 2169 signa
906 2091 999 2172 adeat,
1014 2092 1069 2152 lar-

58 2183 200 2259 gitionem
212 2186 346 2260 temptet,
360 2187 509 2257 tamquam
521 2197 626 2257 parum
638 2178 792 2239 ambitiose
805 2178 899 2239 filium
909 2179 994 2241 ducis
1004 2198 1069 2258 gre·

58 2268 117 2347 gali
146 2268 250 2329 habitu
270 2267 470 2329 ¹circumierat
497 2266 711 2347 Caesaremque
739 2266 899 2346 Caligulam
929 2268 1070 2347 appellari

58 2355 138 2418 velit.
169 2359 315 2436 potiorem
333 2358 391 2417 iam
410 2355 488 2434 apud
507 2357 658 2416 exercitus
677 2357 867 2434 Agrippinam
887 2374 975 2435 quam
993 2356 1070 2435 lega·

58 2455 115 2525 tos,
136 2463 224 2524 quam
238 2445 343 2526 duces3
362 2461 552 2522 conpressam
571 2462 587 2504 a
605 2443 729 2504 muliere
747 2444 932 2524 seditionem,
951 2447 1001 2504 cui
1019 2462 1069 2504 no·
1084 2459 1110 2500 15

58 2552 128 2595 men
147 2534 291 2613 principis
310 2532 456 2594 obsistere
474 2550 534 2592 non
553 2535 689 2611 quiverit.
718 2532 897 2608 accendebat
916 2532 988 2592 baec
1003 2549 1070 2592 one·

58 2622 203 2701 rabatque
218 2621 356 2702 Seianus,
377 2623 483 2700 peritia
501 2638 618 2681 morum
633 2618 746 2681 Tiberii
766 2621 834 2681 odia
851 2622 882 2680 in
897 2619 1017 2699 longum
1031 2623 1070 2680 ia·

60 2713 153 2789 ciens,
168 2728 243 2788 quae
257 2710 433 2770 reconderet
447 2717 592 2788 auctaque
607 2718 765 2786 promeret.

152 2795 203 2858 70.
216 2798 254 2857 bt
268 2797 460 2859 Germanicus
474 2797 632 2877 legionum,
653 2815 726 2876 quas
741 2797 865 2858 navibus
879 2807 1007 2878 vexerat,
1027 2817 1070 2859 se-

59 2886 189 2948 cundam
203 2893 234 2948 et
248 2894 383 2965 quartam
397 2886 551 2947 decumam
565 2888 672 2947 itinere
688 2888 824 2946 terrestri
838 2885 869 2946 P.
883 2885 999 2947 Vitellio
1019 2887 1071 2946 du-

59 2976 170 3037 cendas
184 2976 283 3080 tradit,
302 2994 362 3054 quo
376 2974 468 3036 levior
482 2974 585 3036 classis
605 2970 716 3034 vadosd
733 2959 814 3034 mari*
827 2968 944 3036 innaret
962 2974 1008 3035 vel
1026 2993 1071 3035 re·

59 3069 181 3144 ciprocb
195 3023 314 3126 sideret.
347 3063 482 3124 Vitellius
500 3066 629 3141 primurn
649 3064 707 3124 iter
726 3065 805 3124 sicca
827 3062 917 3124 humo
940 3072 990 3123 aut
1011 3080 1071 3122 mo-

59 3155 126 3216 dice
141 3152 295 3214 adlabente
309 3160 394 3213 aestu
408 3155 542 3232 quietum
556 3152 672 3212 habuit:
690 3169 757 3212 mox
777 3151 898 3230 inpulsu
916 3151 1071 3252 aquilonis,
1086 3165 1099 3205 a

60 3243 150 3312 simul
164 3243 261 3303 sidere
277 3243 465 3320 aequinoctii,
481 3259 539 3320 quo
558 3243 684 3301 maxime
698 3243 839 3301 tumescit
849 3239 993 3319 Oceanus,
1009 3241 1073 3316 rapi

132 3380 178 3446 68,
193 3385 228 3433 14
246 3376 437 3450 offenduntur
452 3373 1073 3443 em.Rhenanus!69,81audia‚undemala'a

59 3450 155 3506 laudis
175 3451 205 3503 et
223 3448 312 3518 gratis
332 3449 391 3504 coli
411 3452 437 3515 6,
455 3453 485 3514 2,
501 3450 537 3501 13
552 3451 557 3514 ι
575 3453 608 3501 10
627 3443 722 3500 studia
740 3446 804 3500 add
823 3445 980 3508 Dd'derlea‘a,
999 3442 1072 3496 mili-

58 3526 119 3578 tem
128 3523 292 3587 Beroaldus,
300 3517 424 3574 militum
433 3516 556 3587 gratiam
565 3517 661 3573 Haase
660 3517 714 3587 ,οΓ
725 3517 830 3573 Heraea'
839 3514 917 3572 seua
928 3517 987 3571 erit.
999 3516 1026 3582 Ι,
1038 3519 1073 3570 68
