2392 3876
265 188 314 244 AB
331 186 493 244 EXOESSU
511 185 666 244 AUGUSTI
684 187 743 244 XV.
762 194 876 245 28-35.
1016 188 1080 254 333

71 348 211 402 externae
226 336 381 419 superbiae
396 345 482 398 sueto
497 354 557 398 non
571 338 667 398 inerat
681 339 784 398 notitia
799 337 903 418 nostri,
918 336 996 417 apud
1006 354 1082 416 quos

72 431 116 490 vis
130 430 248 507 imperii
262 426 350 507 valet,
364 427 462 488 inania
475 427 690 487 tramittuntur.
793 469 795 474 ·

138 515 189 580 32.
205 515 406 577 Eodemanno
420 514 528 576 Caesar
541 515 676 575 nationes
690 513 808 593 Alpium
822 516 1037 576 maritimarum
1051 517 1082 576 in

72 608 119 667 ius
133 605 211 666 Latii
226 603 383 666 transtulit.
407 605 542 683 equitum
556 602 756 665 Romanorum
769 602 852 665 locos
865 603 1007 664 sedilibus
1021 603 1082 682 ple-

71 693 118 758 bis
132 694 301 773 anteposuit
314 693 392 772 apud
406 694 533 773 eironm3
544 709 678 771 ,namque
696 691 732 754 ad
752 710 817 752 eam
835 692 914 753 diem
927 692 1083 753 indiscreti

72 783 195 864 inibant,
211 784 278 862 quia
293 781 340 842 lex
350 781 456 842 Roscia
467 779 541 841 nihil
551 781 609 842 nisi
623 780 660 842 de
675 780 912 861 quattuordecim
926 779 1082 841 ordinibus

72 874 177 934 sanxit
205 868 373 950 spectacula
391 867 586 947 gladiatorum
604 869 684 930 idem
702 887 798 930 annus
809 868 920 935 ¹habuit
938 870 1004 948 pari
1022 879 1110 931 ma·⁵

71 961 241 1039 gnihcentia
259 976 294 1020 ao
311 959 425 1038 priora;
444 956 496 1018 sed
515 957 691 1018 laminarum
709 957 881 1021 inlustrium
900 965 1082 1019 senatorum·
1166 953 1168 956 ’

71 1066 131 1128 que
146 1046 248 1126 plures
262 1063 317 1125 per
330 1063 450 1107 arenam
463 1044 572 1106 foedati
586 1053 665 1109 sunt

139 1133 190 1197 33.
214 1133 245 1197 C.
264 1133 407 1195 Laecanio
431 1133 469 1196 bl.
492 1132 607 1195 Licinio
629 1134 802 1197 consulibus
826 1138 941 1198 acriore
963 1138 995 1198 in
1019 1134 1083 1197 dies

72 1225 212 1304 cupidine
236 1222 409 1301 adigebatur
430 1221 510 1284 Nero
535 1224 698 1302 promiscas
722 1241 844 1286 scaenas
866 1225 1083 1304 frequentandi.

72 1331 141 1375 nam
158 1313 255 1374 adhuc
274 1330 329 1392 per
347 1310 468 1372 domum
486 1319 538 1373 aut
555 1311 658 1373 hortos
676 1313 826 1375 cecinerat
839 1311 1026 1374 Iuvenalibus
1040 1313 1083 1374 lu-

73 1402 131 1481 dis,
156 1420 231 1481 quos
254 1408 287 1462 nt
309 1417 414 1480 parum
437 1399 571 1461 celebres
589 1408 620 1461 et
637 1407 735 1462 tantae
757 1402 824 1462 voci
841 1408 984 1479 angustos
1002 1419 1083 1478 sper-

73 1491 170 1552 nebat.
211 1496 392 1550 nontamen
415 1487 524 1549 Romae
548 1489 681 1568 incipere
706 1507 797 1551 ausus
818 1488 972 1567 Neapolim
1000 1490 1111 1568 quasi⁵

73 1578 216 1640 Graecam
229 1577 335 1638 urbem
349 1576 472 1656 delegit:
485 1575 686 1638 inde-initium
701 1578 773 1660 lore,
787 1584 821 1639 ut
834 1585 1039 1658 transgressus
1053 1578 1085 1639 in

73 1666 213 1728 Achaiam
236 1668 428 1745 insignesque
450 1673 481 1727 et
503 1668 666 1745 antiquitus
689 1684 789 1729 sacras
812 1684 937 1728 coronas
959 1667 1084 1745 adeptus

74 1759 184 1817 maiore
204 1755 280 1815 tama
299 1754 395 1815 studia
414 1755 523 1815 civium
541 1754 670 1816 eliceret
708 1773 779 1834 ergo
797 1764 984 1817 contractum
1002 1757 1084 1834 oppi-

74 1845 218 1906 danorum
241 1842 358 1923 vulgus,
381 1849 412 1904 ct
434 1861 510 1922 quos
528 1861 545 1905 e
563 1844 706 1923 proximis
724 1844 849 1905 coloniis
867 1851 897 1906 et
914 1846 1085 1923 municipiis

74 1936 139 1995 eius
158 1934 204 1992 rei
221 1932 296 1992 lama
315 1931 474 2011 acciverat,
494 1933 604 2011 quique
623 1931 779 1993 Caesarem
798 1951 853 2012 per
871 1932 1015 1994 honorem
1033 1941 1125 1993 aut1⁰

74 2023 170 2083 varios
186 2038 257 2082 usus
272 2029 431 2099 sectantur,
446 2022 534 2082 ctiam
548 2020 674 2081 militum
689 2021 840 2104 manipuli,
853 2020 1003 2083 theatrum
1012 2020 1086 2081 Nea·

73 2111 272 2191 politanornm
287 2108 444 2189 complent.

140 2196 193 2260 34.
212 2198 288 2279 lllic,
307 2197 442 2278 plerique
455 2205 489 2259 ut
503 2195 736 2280 arbitrabantur,
755 2201 855 2280 triste,
873 2206 908 2261 nt
922 2201 999 2279 ipsc,
1018 2217 1087 2279 pro-

75 2287 175 2347 vidum
189 2288 289 2365 potius
302 2294 333 2349 et
346 2286 486 2348 secundis
500 2287 672 2349 numinibus
687 2289 798 2350 evenit:
817 2305 885 2349 nam
899 2306 1021 2367 egresso
1035 2290 1087 2368 qui

75 2374 210 2436 adfuerat
232 2374 342 2454 populo
364 2392 491 2436 vacnum
514 2383 544 2435 et
562 2377 627 2436 sine
646 2375 736 2437 ullius
753 2394 830 2438 noxa
849 2376 999 2438 theatrum
1017 2394 1086 2438 con·

75 2463 192 2542 lapsum
215 2469 269 2525 est
315 2480 385 2541 ergo
409 2480 464 2544 per
485 2465 656 2542 conpositos
679 2472 784 2525 cantus
807 2471 906 2543 grates
928 2465 975 2525 dis
997 2471 1086 2543 atque

75 2554 171 2630 ipsam
189 2551 319 2611 recentis
337 2568 424 2612 casus
443 2550 591 2611 lortnnam
605 2550 759 2613 celebrans
772 2554 982 2631 petiturusque
996 2554 1085 2613 maris
1100 2564 1113 2605 5

76 2639 202 2701 Hadriae
224 2641 367 2700 traiectus
390 2638 468 2717 apud
493 2638 693 2700 Beneventum
715 2641 836 2700 interim
859 2639 1007 2721 consedit,
1035 2639 1087 2701 ubi

75 2728 283 2808 gladiatorium
306 2744 415 2788 munus
438 2745 455 2788 a
477 2725 593 2788 Vatinio
616 2726 733 2789 celebre
756 2727 908 2792 edebatur.
954 2726 1087 2790 Vatinius

76 2820 154 2878 inter
179 2816 346 2877 foedissima
370 2818 435 2876 eius
459 2814 541 2878 aulae
564 2823 681 2878 ostenta
704 2817 769 2898 luit,
792 2819 925 2880 sutrinae
947 2817 1087 2880 tabernae

76 2906 227 2985 alumnus,
241 2922 365 2983 corpore
380 2905 510 2985 detorto,
525 2904 639 2967 iacetiis
654 2905 844 2989 scurrilibus3
862 2908 958 2986 primo
972 2909 1004 2968 in
1018 2924 1088 2969 con·

75 2992 212 3058 tumelias
227 2993 413 3075 adsumptus,
432 2993 539 3055 dehinc
554 2996 658 3075 optimi
672 2997 816 3076 cuiusque
831 2997 1037 3057 criminatione
1052 3014 1087 3056 eo
1103 3007 1128 3048 1⁰

76 3103 171 3163 nsque
195 3082 297 3164 valuit,
326 3091 360 3144 ut
382 3084 488 3164 gratia,
515 3086 654 3164 pecunia,
682 3085 711 3147 vi
733 3085 861 3148 nocendi
883 3087 973 3146 etiam
995 3081 1087 3146 malos

75 3174 283 3254 praemineret.
424 3168 431 3178 '

143 3259 194 3324 35.
213 3259 285 3321 Eius
304 3279 412 3322 rntrnus
427 3260 627 3341 frequentanti
640 3260 752 3324 Neroni
769 3280 807 3324 ne
824 3263 905 3323 inter
923 3260 1088 3343 voluptates

147 3466 193 3535 et,
212 3475 228 3523 a
248 3464 389 3522 cecinerat
407 3467 457 3522 aut
474 3466 656 3522 iuvenalibus
669 3466 765 3525 Haase
780 3470 786 3539 1
801 3474 817 3524 a
832 3466 1017 3538 hensgrassis
1032 3472 1037 3542 Ι
1054 3474 1088 3525 10

77 3535 185 3592 cinerat
200 3543 204 3605 Ι
220 3538 266 3606 ot,
284 3549 296 3593 1
317 3537 501 3606 arbitrantur,
520 3556 568 3595 aa.
582 3538 732 3596 Rhenanus
747 3541 753 3610 Ι
770 3547 801 3594 11
823 3539 931 3595 evaluit
939 3542 1088 3598 Acidaliae
