2408 3870
124 179 189 243 242
474 177 645 233 CORNELII
662 176 781 233 raom

125 329 234 389 ducere
253 330 284 387 in
303 345 428 406 regnum
447 334 543 407 parat,
566 343 603 387 ne
629 345 685 406 qua
709 345 779 405 pars
802 327 907 387 domus
926 329 991 387 sine
1010 329 1149 406 imperio

96 425 234 495 aageret.
262 418 382 477 incessu
396 415 573 476 Parthorum
593 418 657 476 siue
676 417 738 476 acie
757 413 836 493 pulsi
850 414 965 495 Hiberi,
985 415 1150 496 urbesque

125 506 331 566 Armeniorum
340 506 475 565 Artaxata
488 512 517 565 et
525 503 734 583 Tigranocerta
746 506 848 583 iugum
859 522 1011 583 accepere.
1031 504 1149 566 deinde

125 602 208 655 atrox
227 593 321 654 biems
341 611 393 653 seu
413 611 518 671 parum
538 595 651 670 provisi
668 600 849 654 commeatus
868 601 898 653 et
915 601 980 654 orta
999 611 1039 653 ex
1058 602 1149 655 utro·

125 702 182 764 que
198 682 280 743 tabes
294 681 463 761 perpellunt
473 679 636 758 Vologesen
651 682 788 742 omittere
802 684 977 760 praesentia.
1001 700 1148 743 vacuam·

125 790 182 850 que
197 789 303 832 rursus
317 770 485 829 Armeniam
499 767 687 830 Radamistus
701 771 820 849 invasit,
834 769 1035 831 truculentior
1050 789 1148 850 quam

85 868 224 939 mantea,
247 867 395 938 tamquam
419 857 560 918 adversus
579 857 744 918 defectores
763 866 794 918 et
812 860 842 919 in
861 866 995 937 tempore
1014 859 1149 921 rebella-

127 958 218 1009 turos.
246 955 334 1025 atque
354 945 409 1026 illi,
429 947 563 1024 quamvis
582 948 702 1006 servitio
723 948 813 1028 sueti,
831 948 1003 1026 patientiam
1019 948 1148 1010 abrum-

125 1043 200 1115 punt
214 1038 362 1113 armisque
377 1037 488 1112 regiam
502 1036 747 1097 circumveniunt.

192 1120 243 1184 51.
265 1121 326 1184 Nec
350 1123 427 1184 aliud
446 1122 613 1184 Radamisto
638 1123 804 1185 subsidium
823 1124 880 1185 luit
898 1142 985 1204 quam
1008 1129 1148 1204 peruici-

127 1222 171 1274 tas
186 1229 350 1292 equorum,
370 1213 437 1290 quis
456 1230 547 1291 seque
567 1220 596 1272 et
611 1215 767 1290 coniugem
781 1211 910 1274 abstulit.
938 1213 989 1274 sed
1005 1216 1148 1277 coniunx

125 1301 243 1379 gravida
261 1303 386 1378 primam
404 1308 566 1380 utcumque
585 1301 683 1380 lugam
703 1300 740 1361 ob
756 1309 867 1362 metum
880 1301 1018 1362 hostilem
1034 1310 1066 1363 et
1080 1322 1148 1365 ma·

125 1392 175 1450 riti
191 1392 342 1450 caritatem
356 1389 505 1470 toleravit3
523 1397 591 1468 post
609 1389 797 1450 festinatione
817 1391 969 1470 continua,
987 1389 1042 1451 ubi
1057 1398 1148 1470 quati

98 1496 111 1536 a
126 1486 232 1539 uterus
245 1486 276 1539 et
289 1481 402 1539 viscera
417 1477 578 1558 vibrantur,
593 1495 678 1538 orare
693 1486 727 1538 ut
740 1486 835 1539 morte
850 1478 973 1539 honesta
983 1487 1148 1542 contume-

125 1567 172 1627 liis
191 1569 368 1646 captivitatis
388 1568 575 1628 eximeretur.
607 1565 656 1627 ille
675 1569 771 1644 prlmo
787 1565 924 1645 amplecti
938 1566 1076 1628 adlevare
1094 1571 1147 1631 ad-

124 1656 249 1735 hortari,
275 1655 363 1716 modo
386 1657 526 1715 virtutem
549 1655 711 1735 admirans,
735 1655 822 1715 modo
846 1656 951 1716 timore
974 1673 1079 1737 aeger,
1106 1677 1147 1720 ne

125 1747 193 1823 quis
211 1744 313 1804 relicta
332 1752 495 1821 poteretur.
522 1751 673 1822 postremo
693 1743 830 1804 violentia
849 1746 957 1805 amoris
976 1751 1007 1804 et
1026 1742 1147 1807 facino-

125 1852 191 1893 rum
211 1850 271 1892 non
290 1832 373 1892 rudis
393 1831 550 1910 destringit
568 1834 706 1892 acinacen
726 1832 966 1910 vulneratamque
984 1833 1085 1911 ripam
1107 1837 1147 1897 ad

85 1940 111 1979 10
125 1920 228 1981 Araxis
243 1920 342 1999 trahit,
356 1920 471 1980 ssumini
485 1920 587 1998 tradit,
602 1928 636 1981 ut
650 1938 759 2000 corpus
774 1923 862 1981 etiarn
876 1921 1060 1983 auferretur:
1074 1925 1147 2002 ipse

125 2027 268 2088 praeceps
287 2008 413 2068 lliberos
431 2009 467 2068 ad
486 2010 616 2086 patrium
637 2026 762 2087 regnum
780 2009 922 2088 pervadit.
949 2011 1071 2070 interim
1089 2011 1147 2074 Ze·

125 2096 243 2157 nobiam
254 2091 297 2178 (id
309 2096 425 2156 mulieri
435 2091 558 2177 nomen)
569 2096 683 2174 placida
693 2100 722 2157 in
734 2097 829 2159 eluvie
844 2099 1004 2176 spirantem
1015 2116 1051 2159 ac
1062 2102 1146 2162 vitae

125 2185 310 2246 manifestam
324 2184 477 2244 advertere
492 2191 639 2266 pastores,
659 2193 689 2245 et
707 2186 849 2264 dignitate
867 2186 978 2248 formae
992 2186 1073 2248 haud
1091 2187 1148 2251 dess

125 2291 265 2353 generem
293 2280 465 2351 reputantes
490 2272 620 2351 obligant
643 2274 763 2355 vulnus,
791 2276 918 2353 agrestia
941 2275 1147 2340 medicamina

85 2379 110 2419 xa
125 2362 266 2423 adhibent
290 2364 466 2441 cognitoque
485 2363 604 2422 nomine
623 2369 653 2422 et
671 2381 741 2424 casu
762 2365 792 2422 in
814 2363 919 2425 urbem
938 2364 1078 2425 Artaxata
1100 2368 1146 2428 fe-

124 2459 208 2533 runt3
222 2450 301 2512 unde
315 2450 432 2529 publica
447 2469 518 2511 cura
533 2451 660 2512 deducta
673 2451 707 2512 ad
723 2451 875 2512 Tiridaten
889 2454 1074 2532 comiterque
1092 2474 1146 2517 ex-

125 2548 209 2620 cepta
225 2539 307 2600 cultu
321 2542 403 2617 regio
417 2539 516 2600 habita
531 2548 584 2600 est.

191 2626 242 2690 52.
262 2629 369 2689 Fausto
390 2627 471 2689 Sulla
490 2627 586 2689 Salvio
606 2628 722 2690 Othone
742 2628 915 2690 consulibus
933 2628 1043 2690 Furius
1059 2630 1145 2694 Scri-

124 2718 270 2778 bonianus
288 2719 319 2776 in
339 2717 458 2777 exilium
478 2719 588 2796 agitur,
608 2720 693 2796 quasi
711 2718 800 2778 finem
819 2720 963 2797 principis
983 2736 1037 2797 per
1053 2719 1145 2782 Chal-

125 2806 213 2866 daeos
228 2813 423 2866 scrutaretur.
451 2804 663 2867 adnectebatur
677 2807 795 2866 crimini
808 2805 891 2867 Vibia
906 2814 1000 2867 mater
1015 2809 1090 2887 eiuS,
1107 2820 1145 2872 ut

125 2912 211 2954 casus
234 2895 344 2972 prioris
368 2888 448 2974 (nam
472 2893 601 2972 relegata
625 2887 703 2975 erat)
723 2896 879 2973 inpatiens.
915 2902 1000 2973 pater
1019 2894 1144 2959 Scribo·

196 3029 272 3097 518
291 3027 456 3098 percellunt,
474 3028 706 3092 caltiamentis!
723 3035 757 3084 to
776 3045 936 3098 quanquam
952 3033 957 3099 Ι
971 3029 1142 3101 bellaturos,

124 3101 338 3158 1111111111111111
354 3102 358 3170 l
374 3101 420 3167 51,
436 3099 456 3154 4
471 3099 740 3167 quatiturHec'use‘ua
756 3103 760 3168 Ι
778 3107 809 3154 11
825 3101 862 3154 ad
875 3098 996 3155 Hiberos
1013 3103 1144 3170 patrium

123 3172 155 3226 in
172 3190 194 3227 r.
218 3171 359 3238 Heinsius,
379 3169 417 3224 ad
440 3168 505 3223 Hib.
524 3168 648 3239 patrium
663 3187 685 3226 r.
709 3171 913 3241 Bezzenaupeu
935 3170 1080 3245 [Hiberos]
1102 3176 1143 3230 ad

123 3263 151 3325 p.
170 3261 191 3298 r.
211 3243 349 3307 Heraeum
369 3238 488 3294 Hiberos
507 3240 588 3309 adp.
607 3257 628 3297 r.
647 3243 948 3308 11111111111111,67
966 3241 1089 3312 capreas
1110 3263 1144 3302 se

122 3331 155 3368 111
173 3312 295 3367 insulam
314 3309 433 3378 abdidib,
453 3310 492 3364 H.
510 3315 537 3379 4,
555 3315 591 3367 32
610 3310 714 3366 adlatis
733 3311 890 3367 Geldubam
907 3311 938 3366 in
956 3316 1051 3368 castro
1068 3332 1142 3371 nun·

123 3384 182 3454 iiia,
201 3383 412 3439 111111111111111
430 3386 468 3435 eet
487 3381 628 3452 Tacitum,
646 3385 704 3438 11111
722 3385 817 3440 addito
835 3384 872 3438 ed
889 3400 917 3453 p.
936 3399 1063 3455 regnum,
1081 3389 1142 3444 dic·

123 3459 218 3511 11111111
235 3455 321 3520 fuisse
338 3450 457 3507 Hiberos
475 3452 607 3522 pervadit
623 3458 627 3525 t
644 3461 677 3510 12
695 3454 726 3508 in
745 3451 836 3509 eluvie
856 3455 988 3525 Madvig:
1006 3453 1118 3513 inluuie
1136 3459 1140 3533 Ι

123 3525 170 3594 52,
190 3531 206 3579 3
224 3522 310 3579 Vibia
330 3522 485 3594 Gryphium
504 3523 582 3578 uiuia
728 3549 731 3553 ⁴
