2408 3870
116 175 180 238 152
461 171 629 228 CORNELII
647 172 765 229 TACITI

115 330 149 384 ut
163 331 247 383 erant
262 322 404 403 adposita,
424 322 546 386 laudans
560 323 650 382 nurui
664 339 718 382 sua
732 337 821 382 manu
834 321 965 383 tradidit.
990 332 1083 386 aucta
1099 345 1134 387 cx

115 429 150 473 eo
169 412 301 490 suspicio
322 412 512 490 Agrippinae,
531 417 562 470 et
580 411 689 471 intaeta
708 427 759 470 ore
779 412 872 472 servis
891 413 1031 474 tramisit
1077 432 1134 476 nec

115 507 213 561 tamen
232 500 344 561 Tiberii
368 518 424 559 vox
447 517 546 560 coram
569 507 683 578 secuta,
707 499 759 560 sed
783 497 926 561 obversus
944 498 982 560 ad
1001 508 1133 564 matrem

74 601 101 642 10
116 607 174 649 non
199 591 307 650 mirum
331 589 385 668 ait,
409 589 435 647 si
458 587 530 666 quid
554 589 686 648 severius
708 589 740 647 in
759 605 823 648 eam
842 589 1010 670 statuisset,
1035 607 1053 650 a
1074 609 1132 670 qua

114 678 249 738 veneficii
263 675 493 737 insimularetur.
521 675 589 736 inde
604 692 706 736 rumor
720 677 818 754 parari
832 678 968 757 exitium,
983 694 1087 756 neque
1098 680 1132 740 id

114 768 323 844 imperatorem
354 763 449 843 palam
481 763 603 845 audere,
640 772 789 825 secretum
824 764 860 824 ad
892 767 1132 844 perpetrandum

135 871 226 914 naen.

114 872 133 933 q
181 937 232 1001 55.
261 939 320 1000 Sed
340 938 446 1000 Caesar
470 959 528 1019 quo
552 941 657 1000 lamam
676 947 836 1021 averteret,
860 942 963 1003 adesse
983 942 1133 1023 frequens

116 1030 232 1089 senatui
259 1027 430 1106 legatosque
458 1028 557 1108 Asiae,
584 1028 766 1107 ambigentes
794 1047 921 1108 quanam
948 1031 980 1090 in
1007 1033 1133 1094 civitate

115 1115 258 1195 templum
273 1123 467 1196 statueretur,
481 1115 577 1195 pluris
590 1135 644 1195 per
659 1117 722 1178 dies
736 1117 856 1180 audivit
880 1117 1021 1179 undecim
1036 1121 1133 1184 urbes

116 1204 282 1284 certabant,
302 1206 367 1282 pari
385 1204 560 1285 ambitione,
579 1204 692 1265 viribus
712 1206 853 1268 diversae.
886 1223 983 1285 neque
999 1208 1134 1271 multum

89 1294 255 1355 odistantia
274 1296 353 1354 inter
372 1311 404 1354 se
422 1293 625 1354 memorabant
648 1293 684 1354 de
703 1301 850 1356 vetustate
869 1296 1003 1375 generis,
1028 1298 1132 1360 studio

115 1385 146 1444 in
167 1381 309 1462 populum
323 1381 489 1444 Romanum
507 1399 561 1463 per
580 1381 655 1442 bella
670 1380 754 1443 Persi
767 1393 799 1444 et
812 1383 973 1445 Aristonici
986 1383 1133 1448 aliorum·

115 1490 173 1550 que
201 1490 313 1550 regum.
354 1489 458 1532 verum
481 1471 653 1551 Hypaepeni
675 1470 873 1551 Trallianique
896 1470 1077 1534 Laodicenis
1098 1494 1133 1537 ac

114 1559 300 1640 Magnetibus
320 1560 407 1620 simul
426 1562 557 1621 tramissi
575 1567 610 1620 ut
627 1577 732 1638 parum
752 1559 851 1641 validi;
871 1577 908 1621 ne
922 1558 1049 1622 ilienses
1064 1566 1133 1642 qui-

115 1649 191 1730 dem,
206 1666 274 1710 cum
288 1656 442 1727 parentem
456 1647 540 1709 urbis
554 1647 663 1710 Romae
674 1646 793 1708 Troiam
807 1649 963 1728 referrent,
977 1651 1040 1710 nisi
1053 1654 1132 1712 anti·

74 1750 101 1791 ro
116 1739 236 1817 quitatis
251 1736 343 1815 gloria
358 1735 515 1814 pollebant.
538 1735 658 1815 paulum
673 1736 886 1817 addubitatum,
901 1737 980 1816 quod
994 1735 1131 1801 Halicar-

115 1828 191 1886 nasii
204 1824 284 1884 mille
298 1831 328 1885 et
342 1824 487 1885 ducentos
501 1840 554 1902 per
568 1842 661 1885 annos
675 1824 756 1887 nullo
770 1833 853 1886 motu
866 1831 964 1887 terrae
974 1829 1131 1890 nutavisse

115 1914 201 1974 sedes
225 1929 294 1973 suas
317 1913 442 1991 vivoque
465 1913 496 1972 in
520 1929 589 1972 saxo
608 1913 798 1975 fundamenta
816 1912 918 1992 templi
936 1913 1130 1978 adseverave-

115 2009 189 2061 rant.
231 2000 429 2078 Pergamenos
458 1995 512 2080 (eo
535 2003 600 2079 ipso
624 1995 815 2083 nitebantur)
838 2001 910 2062 aede
930 2002 1066 2081 Augusto
1086 2005 1130 2066 ibi

116 2091 171 2148 sita
191 2090 262 2148 satis
277 2088 399 2167 adeptos
414 2088 571 2150 creditum.
602 2089 724 2168 Ephesii
738 2089 914 2171 Milesiique,
927 2090 959 2152 hi
973 2091 1129 2175 Apollinis,

75 2190 100 2230 15
114 2175 157 2236 illi
171 2175 279 2236 Dianae
299 2178 476 2237 caerimonia
495 2180 686 2256 occupavisse
706 2180 839 2240 civitates
852 2180 917 2239 visi.
954 2181 994 2240 ita
1009 2179 1130 2242 Sardia-

114 2283 169 2325 nos
194 2266 273 2325 inter
296 2263 532 2345 Zmyrnaeosque
561 2265 764 2328 deliberatum.
811 2266 948 2328 Sardiani
970 2267 1129 2332 decretum

113 2353 251 2414 Etruriae
262 2355 424 2414 recitavere
439 2361 473 2416 ut
483 2356 709 2433 consanguinei:
723 2372 791 2416 nam
801 2354 988 2435 Tyrrhenum
997 2355 1129 2436 Lydum·

115 2461 172 2521 que
190 2443 261 2520 Atye
276 2460 345 2520 rege
359 2444 475 2522 genitos
489 2441 527 2502 ob
542 2442 762 2504 multitudinem
777 2444 912 2505 divisisse
923 2451 1056 2527 gentem3
1070 2445 1128 2526 Ly·

46 2534 47 2537 ’
114 2530 184 2593 dum
199 2533 303 2610 patriis
317 2532 348 2591 in
363 2533 452 2592 terris
466 2531 623 2612 resedisse,
637 2531 790 2611 Tyrrheno
800 2531 902 2593 datum
912 2550 1002 2595 novas
1012 2540 1047 2594 ut
1057 2552 1128 2594 con·

73 2631 99 2673 20
114 2620 198 2681 deret
217 2619 319 2699 sedcs3
338 2626 367 2680 ct
385 2619 496 2680 ducum
514 2637 531 2679 e
549 2619 719 2680 nominibus
736 2620 830 2681 indita
843 2619 984 2682 voeabula
997 2619 1057 2683 illis
1071 2641 1128 2700 per

113 2707 221 2787 Asiam,
240 2706 287 2767 bis
306 2710 337 2767 in·
356 2707 451 2788 ltalia3
470 2715 645 2787 auctamque
664 2708 760 2770 adhuc
775 2706 925 2788 Lydorum
943 2708 1128 2788 opulentiam

114 2793 214 2855 missis
228 2797 259 2855 in
274 2794 427 2855 Graeciam
441 2794 568 2875 populis,
583 2798 633 2857 cui
646 2814 714 2857 mox
728 2815 745 2856 a
758 2795 868 2876 Pelope
881 2813 999 2858 nomen.
1031 2799 1128 2860 simul

114 2883 231 2944 litteras
250 2885 463 2961 imperatorum
477 2891 508 2945 et
522 2885 580 2945 icta
594 2882 752 2945 nobiscum
766 2884 885 2946 loedera
898 2883 976 2946 bello
990 2885 1127 2947 Macedo·

113 2988 185 3032 num
210 2969 435 3050 ubertatemque
458 2971 616 3032 fluminum
639 2989 775 3053 suorum,
798 2974 974 3053 temperiem
997 2973 1127 3037 caeliae

73 3072 99 3112 2⁵
114 3060 191 3121 dites
210 3060 323 3119 circum
343 3067 438 3120 terras
456 3058 667 3121 memorabant.

180 3144 232 3211 56.
255 3147 294 3208 At
312 3147 467 3227 Zmyrnaei
488 3149 623 3226 repetita
638 3155 797 3230 vetustate,
821 3167 874 3210 seu
897 3149 1037 3212 Tantalus
1057 3150 1126 3213 love

184 3299 260 3366 ΜΛ
281 3316 332 3354 sua
345 3300 510 3356 Rhenanus:
530 3314 596 3353 suae
612 3301 617 3368 Ι
633 3299 678 3366 55,
694 3306 709 3355 ‘l
728 3301 820 3370 hypae
838 3300 973 3371 penitrali
990 3301 1126 3377 taniquel

113 3376 130 3426 8
148 3370 299 3426 neilienses
316 3371 321 3441 Ι
338 3377 371 3426 10
390 3368 564 3434 alicarnasii3
583 3371 698 3440 simplem
716 3388 729 3425 s
748 3373 823 3428 codd.
838 3374 935 3441 opttm
946 3373 1010 3429 mar
1026 3374 1128 3429 babent

113 3443 145 3496 io
165 3441 219 3496 Cic.
241 3441 319 3499 Tace.
339 3447 366 3507 3,
385 3445 429 3496 75.
454 3442 487 3495 de
504 3441 602 3495 Dicin.
621 3447 650 3508 2,
670 3446 726 3511 581
744 3448 776 3497 13
795 3441 865 3496 aede
881 3486 887 3500 .
902 3484 908 3497 .
924 3441 980 3497 sita
996 3442 1127 3514 Lepsios:

113 3511 184 3580 aede
200 3554 206 3566 .
222 3554 227 3566 .
244 3512 327 3566 sitam
343 3513 347 3581 Ι
364 3517 397 3566 22
416 3510 447 3564 in
462 3509 585 3565 insulam
604 3511 712 3568 Urlichs
727 3515 731 3582 Ι
748 3518 781 3567 23
800 3513 859 3567 icta
871 3512 1034 3571 Rlveoaous:
1049 3513 1129 3569 dicta
