2392 3876
131 206 198 272 324
482 205 651 261 CORNELII
667 205 788 261 Tacrrt

92 373 118 414 aa
131 363 224 436 retur,
243 354 322 433 quod
336 354 410 417 illud
425 363 455 416 et
469 363 612 435 quantum
626 355 728 436 decus,
746 355 799 416 ubl
812 373 867 435 par
880 373 985 416 eorum
998 373 1152 418 uumerus

131 446 328 524 aspiceretur,
347 446 400 524 qui
417 443 593 505 adtulissent
611 444 737 505 salutem
754 447 856 524 etqui
874 445 1079 523 accepissent!
1102 445 1151 506 bis

131 544 220 614 atque
243 533 351 594 talibus
374 535 405 594 in
427 550 584 594 commune
607 532 721 594 alacres
742 526 790 616 (et
812 541 898 594 erant
915 551 992 612 quos
1010 533 1150 613 pericula

131 623 256 684 fratrum
270 630 322 683 aut
335 624 570 701 propinquorum
579 623 709 701 propriis
718 621 846 682 stimulis
855 617 1069 705 incenderent)
1078 641 1149 684 con·

131 714 249 774 tinuum
263 710 314 773 diu
328 721 479 789 noctuque
492 713 551 770 iter
564 710 772 790 properabant
1125 750 1129 755 -

201 797 249 861 13.
273 798 376 878 quue
393 800 538 859 intentius
552 797 710 877 Vologeses
728 817 865 878 premere
882 798 1036 880 obsessos,
1056 799 1129 862 mod

132 888 238 950 vallum
256 887 419 968 legionum,
437 886 525 948 modo
543 887 711 963 castellum,
728 906 788 968 quo
807 886 925 948 inbellis
943 895 1024 949 aetas
1044 887 1147 951 delen·

131 976 269 1056 debatur,
283 975 466 1056 adpugnare,
484 978 609 1055 propius
626 975 769 1037 incedens
786 994 876 1056 quam
890 994 953 1037 mos
967 976 1103 1060 Parthis,
1121 981 1149 1040 si

131 1083 166 1126 ea
184 1066 350 1125 temeritate
369 1063 485 1126 bostem
503 1067 534 1125 in
553 1065 699 1144 proelium
717 1064 847 1126 eliceret
874 1064 961 1126 atilli
973 1067 1022 1126 vix
1037 1076 1148 1129 contu·

105 1152 244 1214 sberniis
261 1155 400 1235 extracti,
423 1171 479 1215 nec
501 1153 579 1215 aliud
600 1172 688 1235 quam
706 1155 890 1215 munimenta
906 1154 1147 1236 propugnabant,

131 1259 200 1322 pars
219 1243 303 1304 iussu
322 1241 421 1323 ducis,
442 1250 473 1305 et
490 1242 540 1304 alii
553 1245 674 1322 propria
686 1244 801 1321 ignaria
815 1251 867 1304 aut
880 1241 1081 1304 Corbulonem
1094 1263 1147 1324 op-

131 1333 295 1413 perientes,
314 1349 348 1392 ae
367 1333 411 1392 vis
429 1335 458 1392 si
473 1332 640 1413 ingrueret,
658 1333 786 1412 provisis
800 1331 943 1411 exemplis
956 1325 1147 1399 eludasdau·

132 1421 218 1482 dinae
232 1420 501 1502 Numantinaeque3
515 1439 612 1500 neque
626 1420 749 1482 eandem
762 1421 822 1480 vim
835 1417 1027 1502 Samnitibus,
1041 1420 1147 1484 ltallco

131 1508 250 1590 populo,
264 1527 298 1571 ae
312 1508 437 1590 Parthis,
452 1509 576 1570 Romani
589 1511 707 1588 imperii
721 1509 852 1570 aemulis.
884 1509 1008 1570 validam
1023 1527 1147 1590 quoque

92 1616 118 1656 ao
132 1607 162 1660 et
171 1598 317 1660 laudatam
328 1600 542 1679 antiquitatem,
557 1601 695 1677 quotiens
704 1598 823 1659 fortuna
832 1605 936 1659 eontra
946 1598 1039 1677 daret,
1055 1599 1148 1661 saluti

132 1687 326 1749 consuluisse.
363 1705 421 1767 qua
444 1687 650 1765 desperatione
673 1687 822 1747 exereitus
845 1687 905 1747 dux
923 1685 1067 1748 subactus
1085 1691 1147 1766 pri-

131 1795 194 1838 mas
208 1784 306 1837 tamen
320 1774 434 1837 litteras
448 1775 485 1836 ad
495 1773 658 1853 Vologesen
671 1792 732 1836 non
745 1775 904 1855 supplices,
918 1775 971 1836 sed
981 1776 1012 1835 in
1022 1776 1148 1837 modum
1165 1788 1170 1798 ·

133 1867 285 1945 querentIs
308 1866 487 1944 composuit,
511 1864 589 1944 quod
613 1882 669 1944 pro
688 1864 835 1924 Armeniis
858 1881 976 1942 semper
994 1862 1147 1926 Romanae

132 1955 258 2016 dicionis
271 1961 323 2015 aut
337 1953 480 2015 subiectis
494 1954 572 2032 regi,
587 1971 675 2032 quem
689 1955 852 2032 imperator
865 1951 1037 2033 delegisset,
1051 1951 1147 2014 bosti-

92 2059 118 2101 1o
131 2042 169 2104 lia
193 2043 315 2102 laceret:
338 2059 441 2120 pacem
464 2058 500 2101 ex
523 2057 617 2119 aequo
640 2040 757 2118 utilem3
781 2058 819 2101 ne
842 2042 1009 2119 praesentia
1027 2048 1145 2102 tantum

131 2136 287 2210 spectaret.
320 2131 418 2206 ipsum
436 2127 579 2188 adversus
597 2128 670 2190 duas
688 2128 819 2206 legiones
837 2129 909 2189 totis
927 2130 1012 2208 regni
1031 2129 1145 2191 viribus

131 2218 298 2279 advenisse:
312 2224 341 2278 at
355 2215 495 2277 Romanis
509 2215 612 2277 orbem
625 2223 774 2277 terrarum
787 2215 945 2298 reliquum,
959 2234 1018 2297 quo
1032 2216 1145 2279 bellum

112 2329 114 2334 ’
131 2309 274 2369 iuvarent.

200 2393 250 2457 14.
276 2395 320 2456 dd
343 2412 378 2456 ea
396 2393 553 2474 Vologeses
577 2394 651 2455 nihil
672 2411 727 2475 pro
748 2411 850 2475 causa,
871 2394 924 2456 sed
945 2395 1144 2475 opperiendos

132 2485 190 2548 sibi
204 2485 311 2546 lratres
320 2482 464 2545 Pacorum
478 2501 512 2546 ac
522 2483 675 2544 Tiridaten
689 2484 857 2564 rescripsit3
870 2482 1061 2545 illumloeum
1072 2493 1144 2546 tem·

132 2593 246 2654 pusque
261 2573 385 2636 consilio
399 2572 592 2652 destinatum,
612 2571 682 2651 quid
700 2571 737 2633 de
752 2572 891 2633 Armenia
904 2580 1077 2655 cernerent3
1096 2573 1144 2634 ad-

133 2665 238 2724 iecisse
253 2663 324 2724 deos
339 2663 460 2742 dignum
475 2661 691 2740 Arsacidarum,
706 2659 794 2721 simul
808 2667 842 2722 ut
856 2660 894 2721 de
906 2656 1073 2740 legionibus
1088 2661 1144 2722 Ro·

105 2753 226 2811 smanis
246 2757 419 2813 statuerent.
456 2751 541 2811 missi
562 2748 685 2829 posthac
703 2747 793 2809 Paeto
811 2751 910 2811 nuntii
927 2757 959 2810 et
976 2751 1056 2828 regis
1075 2768 1144 2812 con·

132 2837 266 2920 loquium
283 2841 423 2919 petitum,
443 2840 495 2918 qui
508 2836 638 2900 Vasacen
650 2838 835 2916 praelectum
853 2840 1003 2920 equitatus
1021 2840 1065 2899 ire
1084 2840 1145 2900 ius·

205 2990 249 3058 12,
262 2997 295 3046 ta
309 2988 482 3057 aspiceretur
491 2989 619 3060 Lepsiuaa
637 2987 810 3060 apisceretur
825 2993 830 3061 Ι
846 2990 892 3060 ts,
907 2997 923 3047 5
938 2991 1047 3048 extrahi
1056 2991 1144 3063 Nipp.

134 3063 138 3135 l
151 3062 239 3134 taut]
250 3063 283 3116 ut
293 3060 491 3126 illustrasset
503 3077 527 3115 o.
541 3061 677 3116 Picbeaae
687 3061 779 3117 adnot.
796 3064 801 3132 Ι
817 3061 869 3118 ‘lsi
882 3063 927 3118 bie
940 3067 1004 3120 add.
1023 3063 1146 3120 Woltber

134 3138 179 3201 (eo
197 3132 222 3188 ei
240 3133 283 3188 vie
302 3133 350 3200 ol.)
366 3133 371 3200 Ι
387 3129 476 3185 eludis
494 3131 539 3186 bic
557 3132 620 3186 odd.
639 3132 838 3205 Bezzenberqer
853 3134 858 3205 Ι
874 3134 957 3189 candi
974 3148 1078 3189 nonum
1096 3151 1144 3189 en·

133 3203 249 3273 binaque
267 3202 385 3258 eandem
403 3199 515 3272 (Caudii
533 3204 563 3256 et
579 3201 758 3270 Numantiae,
776 3219 867 3272 neque
886 3203 1004 3259 eandem
1025 3205 1142 3279 Orelbbl

135 3283 150 3331 9
165 3293 199 3331 ae
212 3273 325 3330 Parthis
343 3290 405 3330 noae
424 3274 474 3328 eut
491 3271 590 3343 paonis
609 3276 653 3342 (ut
664 3272 777 3329 Parthis
791 3275 960 3344 Nipperdey,
978 3276 1028 3328 aut
1042 3274 1145 3346 Hispe-

134 3345 179 3401 nis
197 3349 229 3403 ub
248 3346 428 3413 Freimbeim,
454 3347 504 3399 aut
520 3343 655 3419 Hispanis
673 3361 758 3414 quam
775 3343 887 3400 Parthis
904 3345 949 3400 Jo.
968 3343 1020 3400 Fr.
1040 3346 1145 3403 Grono-

134 3420 236 3541 piuegl
262 3413 903 3544 ¹d1ud¹2g⁸⁰⁵⁰⁵idvd1¹⁰⁸⁰⁸⁰mdoldddssmid
923 3414 1146 3542 ¹174„t.d,ig1'1,unp

138 3489 758 3632 dlfflplbbllddlll,130a‘l⁶⁶l⁴z.⁸'¹'w
825 3501 854 3542 Ἢ
946 3502 1131 3544 ‘'''“'¹²“⁸'²
