2392 3876
270 202 319 257 AB
338 198 500 256 Excussi]
517 197 673 254 AUGUSTI
689 197 747 254 XV.
769 204 881 254 12-160
1015 198 1080 264 325

72 356 120 414 sit.
148 362 212 413 tum
226 350 334 412 Paetus
348 347 500 430 Lucullos,
514 347 670 428 Pompeios
688 355 719 410 et
737 349 763 408 si
781 365 839 426 qua
852 346 992 409 Caesares
1006 349 1080 427 opti-

71 440 185 502 nendae
213 437 401 500 donandaeve
428 438 583 498 Armeniae
611 443 745 517 egerant,
772 435 898 498 Vasaces
924 439 1081 515 imaginem

72 529 220 591 retinendi
234 526 413 606 largiendive
427 543 521 605 penes
534 543 597 607 nos,
611 527 670 586 vim
684 543 776 603 penes
790 523 915 587 Parthos
929 533 1080 587 memorat.

72 628 101 680 et
115 617 241 679 multum
256 618 286 677 in
301 617 395 676 vicem
410 615 583 695 disceptato,
597 612 776 674 Monobazus
785 613 952 675 Adiabenus
962 616 993 674 in
1003 614 1082 675 diem
1096 627 1122 668 1⁰

71 718 224 785 posterum
247 706 333 765 testis
356 706 394 765 iis
417 721 492 782 quae
510 705 694 783 pepigissent
711 701 877 764 adhibetur.
912 702 1081 782 placuitque

70 796 190 857 liberari
204 792 319 855 obsidio
335 792 466 870 legiones
485 799 515 852 et
533 791 677 852 decedere
696 809 813 852 omnem
831 791 955 852 militem
973 791 1083 853 fluibus

71 885 279 945 Armeniorum
303 880 481 959 castellaque
505 887 535 940 et
558 888 739 942 commeatus
761 878 879 941 Parthis
901 881 991 961 tradi,
1020 882 1083 959 qui·

72 972 129 1033 hus
152 970 332 1050 perpetratis
355 970 440 1046 copia
459 966 595 1045 Vologesi
617 969 703 1029 tieret
725 969 862 1029 mittendi
881 968 915 1029 ad
935 968 1082 1030 Neronem

70 1060 191 1138 legatos.
1094 1070 1120 1112 1s

141 1144 190 1209 15.
210 1145 332 1206 lnterim
351 1143 467 1206 flumini
480 1145 621 1205 Arsaniae
636 1139 676 1226 (is
690 1153 786 1207 castra
800 1140 997 1229 praefluebat)
1012 1164 1083 1226 pon·

72 1247 133 1298 tem
152 1236 307 1315 imposuit,
333 1235 432 1312 specie
451 1233 508 1294 sibi
527 1232 599 1294 illud
619 1235 675 1294 iter
695 1234 892 1315 expedientis,
912 1236 963 1297 sed
982 1234 1085 1296 Parthi

72 1327 157 1405 quasi
176 1325 387 1386 documentum
407 1324 546 1383 victoriae
564 1323 727 1403 iusseran13
744 1340 871 1401 namque
885 1325 922 1383 iis
936 1325 1005 1384 usui
1020 1324 1084 1404 luit,

72 1415 168 1474 nostri
178 1413 241 1491 *per
259 1412 410 1473 diversum
427 1413 500 1473 iere.
531 1410 644 1471 addidit
663 1428 765 1471 rumor
784 1410 839 1471 sub
858 1413 960 1492 iugum
978 1415 1084 1472 missas

71 1502 203 1582 legiones
223 1508 253 1562 et
271 1500 326 1561 alia
344 1517 380 1560 ex
399 1499 491 1560 rebus
509 1499 659 1579 infaustis,
683 1517 810 1578 quorum
834 1499 1025 1561 simulacrum
1048 1499 1111 1560 aba

72 1591 221 1652 Armeniis
236 1596 413 1667 usurpatum
423 1596 476 1650 est.
500 1606 626 1666 namque
637 1597 667 1648 et
676 1590 858 1649 munimenta
868 1591 996 1667 ingressi
1007 1597 1084 1670 sunt,

72 1689 229 1757 antequam
244 1695 349 1756 agmen
365 1677 528 1737 Romanum
543 1676 712 1757 excederet,
731 1683 762 1738 et
776 1679 999 1738 circumstetere
1014 1679 1085 1760 vias,
1115 1679 1118 1684 ’

73 1770 186 1846 captiva
208 1766 278 1842 olim
300 1767 445 1844 mancipia
463 1773 514 1826 aut
532 1767 663 1825 iumenta
682 1764 895 1844 adgnoscentes
914 1765 1084 1827 abstrahen-
1105 1798 1108 1802 ’

72 1866 190 1935 tesque:
214 1862 316 1934 raptae
335 1856 423 1914 etiam
442 1863 552 1934 restes,
575 1860 690 1914 retenta
709 1872 803 1935 arma,
820 1855 926 1934 pavido
944 1855 1037 1916 milite
1056 1863 1086 1916 et

73 1945 268 2024 concedente,
291 1959 329 2003 ne
353 1960 410 2021 qua
433 1940 540 2020 proelii
563 1960 651 2002 causa
674 1944 823 2003 existeret
860 1942 1017 2022 Vologeses
1040 1959 1125 2004 ar·1o

73 2037 178 2095 miset
197 2030 373 2111 corporibus
392 2048 546 2092 caesorum
566 2033 724 2110 aggeratis,
743 2049 802 2110 quo
821 2029 935 2092 cladem
953 2039 1084 2093 nostram

72 2129 245 2201 testaretur,
264 2121 330 2180 visu
349 2119 526 2197 fugientium
544 2119 694 2198 legionum
714 2118 870 2181 abstinuit:
893 2121 968 2182 lama
986 2121 1085 2182 mode·

72 2212 196 2272 rationis
207 2207 414 2289 quaerebatur,
428 2216 585 2288 postquam
596 2208 765 2287 superbiam
775 2209 951 2288 expleverat.
973 2209 1085 2271 flumen

73 2299 227 2359 Arsaniam
250 2296 405 2375 elephanto
433 2297 579 2376 insidens,
607 2299 760 2376 proximus
784 2300 909 2377 quisquc
932 2317 1033 2377 regem
1055 2299 1085 2360 vi

73 2403 218 2467 equorum
233 2402 407 2464 perrupere,
421 2387 490 2463 quia
504 2402 608 2445 rumor
621 2387 785 2446 incesserat
798 2395 919 2465 pontem
930 2404 1085 2448 cessurum
1098 2399 1124 2441 1⁵

74 2475 158 2535 oneri
172 2472 239 2534 dolo
258 2471 478 2533 iabricantium:
497 2472 550 2533 sed
567 2473 620 2550 qui
637 2473 754 2552 ingredi
773 2476 838 2534 ausi
856 2481 938 2556 sunt,
957 2475 1085 2536 validum

73 2571 103 2623 et
116 2561 208 2623 fldum
222 2558 403 2621 intellexere.

48 2645 50 2650 ’
142 2647 192 2711 16.
216 2648 354 2710 Ceterum
378 2647 508 2708 obsessis
527 2646 600 2708 adeo
620 2648 853 2728 suppeditavisse
872 2668 936 2711 rem
955 2651 1084 2714 trumen-

73 2741 177 2800 tariam
197 2738 343 2817 constitit,
361 2741 397 2799 ut
409 2735 525 2797 horreis
543 2736 641 2815 ignem
660 2739 817 2820 inicerent,
837 2746 998 2819 contraque
1016 2758 1084 2820 pro-

75 2828 184 2888 diderit
203 2824 331 2887 Corbulo
349 2824 474 2886 Parthos
496 2827 601 2903 inopes
624 2827 775 2905 copiarum
799 2835 830 2888 et
851 2827 959 2907 pabulo
982 2832 1084 2891 attrito

74 2917 232 2977 relicturos
243 2916 501 2994 oppugnationem,
517 2932 613 2992 neque
629 2932 660 2975 se
670 2913 738 2993 plus
747 2916 839 2977 tridui
848 2918 955 2979 itinere
965 2918 1083 2979 aluisse.

72 3005 163 3066 adicit
177 3006 242 3065 iure
256 3003 382 3064 iurando
395 3001 478 3065 Paeti
491 3012 611 3064 cautum
626 3002 704 3083 apud
719 3005 815 3085 signa,
834 3005 1019 3068 adstantibus
1037 3009 1082 3088 iis,
1096 3022 1109 3062 a

74 3112 149 3175 quos
163 3092 349 3155 testillcando
363 3110 415 3154 ren
429 3093 569 3172 misisset,
584 3095 731 3153 nemiuem
741 3092 904 3156 Romanum
915 3095 1084 3156 Armeniam

72 3186 292 3263 ingressurum,
307 3181 401 3243 donec
415 3181 600 3242 referrentur
614 3179 729 3243 litterae
743 3181 881 3263 Neronis,
900 3201 936 3244 an
956 3185 1022 3262 paci
1035 3183 1084 3254 ad·

97 3404 102 3415 Ι
145 3335 190 3402 14,
210 3342 225 3391 't
246 3351 303 3403 quo
317 3317 450 3390 Ca'asares
466 3335 600 3391 Pichena:
621 3350 724 3403 quecea
743 3353 803 3392 eum
821 3337 911 3405 spatio
927 3353 1013 3392 uacuo
1028 3340 1033 3402 Ι
1050 3344 1082 3392 11

73 3404 119 3459 ius
142 3409 148 3474 Ι
173 3407 224 3474 lh,
252 3412 265 3459 1
294 3403 430 3459 Arsaniae
458 3406 615 3462 Acidaliae
644 3404 779 3461 areanieci
806 3405 952 3472 (Arsaniae
979 3407 1084 3462 etenim

73 3475 200 3545 Lipsiae)
215 3478 221 3548 Ι
235 3475 338 3531 Paetus
357 3478 472 3546 pontem
490 3476 581 3532 Ritter
599 3479 606 3558 Ι
627 3482 643 3530 2
662 3476 832 3547 experientis
856 3481 861 3547 Ι
887 3485 919 3533 11
939 3478 1081 3549 aggeratis

72 3547 219 3603 Heinsius:
239 3546 424 3618 aggregatist
441 3548 486 3616 16,
505 3554 521 3602 4
541 3545 653 3602 affuuse
