2408 3870
116 145 181 208 120
466 143 634 199 CORNELII
651 143 771 200 ΤΑΟΙΤΙ

115 303 179 353 stus
198 301 334 354 arcuerat
352 293 496 373 Taurum,
518 292 701 373 Philippum,
719 291 842 354 Balbum
859 291 988 354 hostiles
1009 299 1137 358 murias

88 392 165 442 aaut
179 381 355 442 exundantis
374 399 446 460 opes
465 390 601 442 ornatum
621 379 658 440 ad
677 381 761 442 urbis
779 390 808 441 et
827 390 984 460 postorum
1004 382 1136 460 gloriam

115 470 259 530 conferre.
296 489 355 549 quo
374 479 438 530 tum
458 468 592 546 exemplo
610 468 754 549 Lepidus,
778 487 956 548 quamquam
981 477 1135 548 pecinnae

114 559 261 638 modicus,
284 561 394 619 avitum
417 558 509 618 decus
532 557 666 618 recoluit.
699 566 728 618 at
746 558 868 636 Pompei
887 557 1043 620 theatrum
1063 564 1135 642 igne

114 648 235 708 fortuito
250 648 388 707 haustum
402 645 510 706 Caesar
523 653 730 707 extructurum
750 644 900 725 pollicitus
914 655 971 727 est,
992 665 1029 708 eo
1051 652 1135 729 qnod

114 754 200 796 nemo
215 754 231 795 e
246 734 354 794 familia
367 734 561 794 restaurando
572 734 731 815 sufficeret,
746 742 883 796 manente
893 742 997 797 umen
1006 742 1135 800 nomine

74 844 100 882 1o
113 823 242 901 Pompei.
279 820 368 883 simul
390 821 527 883 laudibus
551 821 691 883 Seianum
712 823 830 902 extulit,
853 830 1006 901 tamquam
1027 825 1136 888 labore

114 911 322 990 vigilantiaque
337 912 402 970 eius
416 917 496 970 tanta
510 907 554 970 vis
569 928 662 972 uuum
675 913 753 972 intra
767 911 907 972 damnum
925 915 1076 976 stetisset.
1107 927 1136 978 et

114 1016 258 1061 censuere
277 1006 376 1078 patres
395 999 522 1078 effigiem
537 998 656 1072 Seiano,
675 1017 751 1078 quae
769 999 847 1079 apud
870 998 1027 1062 theatrum
1045 1002 1135 1066 Pom·

113 1090 162 1166 pei
176 1087 332 1147 locaretur.
361 1105 457 1166 neque
471 1085 564 1148 multo
573 1088 766 1170 postCaesar,
780 1105 847 1149 cum
857 1086 978 1149 lunium
989 1089 1135 1155 Blaesum

113 1195 167 1254 pro
182 1174 303 1236 consule
317 1174 433 1235 Africae
447 1175 592 1253 triumphi
604 1176 771 1254 insignibus
785 1175 943 1257 attolleret,
959 1177 1038 1240 dere
1054 1182 1089 1243 id
1105 1201 1137 1243 se

74 1284 99 1323 15
114 1265 188 1325 dixit
201 1264 308 1324 honori
323 1263 434 1344 Seiani,
454 1266 540 1324 cuius
558 1263 607 1324 ille
627 1264 789 1325 avunculus
808 1273 880 1326 erat
913 1282 948 1326 ao
961 1273 1072 1330 umen
1087 1289 1137 1331 res

112 1352 210 1414 Blaesi
223 1353 328 1431 dignae
343 1353 450 1412 decore
465 1352 516 1413 tali
530 1352 622 1413 fuere.

180 1439 230 1503 73.
254 1441 327 1502 Nam
341 1441 524 1522 Tacfarinas,
543 1459 719 1520 quamquam
734 1442 852 1519 saepius
866 1440 1031 1524 depulsus,
1047 1465 1136 1528 repa·

112 1533 185 1592 ratis
204 1548 259 1610 per
277 1532 380 1591 intima
394 1531 510 1591 Africae
525 1530 640 1591 auxiliis
661 1529 719 1591 huc
733 1528 921 1607 adrogantiae
941 1543 1083 1616 venerat,
1104 1547 1138 1598 ut

112 1620 223 1698 legatos
237 1619 274 1679 ad
284 1619 437 1679 Tiberium
451 1621 583 1680 mitteret
597 1617 758 1697 sedemque
772 1617 851 1678 ultro
866 1617 924 1678 sibi
939 1627 1035 1698 atque
1046 1642 1136 1686 exer·

112 1711 185 1769 citui
208 1726 263 1768 suo
286 1707 463 1786 postularet,
490 1714 541 1767 aut
563 1705 674 1767 bellum
696 1705 902 1785 inexplicabile
925 1709 1136 1774 minitaretur.

85 1811 172 1857 anon
186 1796 257 1856 alias
271 1798 363 1873 magis
378 1813 431 1855 sua
445 1794 605 1874 populique
621 1795 745 1855 Romani
761 1794 942 1855 contumelia
960 1797 1136 1862 indoluisse

112 1884 268 1945 Caesarem
282 1884 391 1963 ferunt,
406 1900 494 1961 quam
504 1882 583 1961 quod
594 1883 729 1943 desertor
740 1890 770 1943 et
778 1883 888 1962 praedo
897 1883 1036 1946 hostium
1047 1907 1136 1951 more

112 1981 221 2050 ageret.
262 1989 299 2030 ns
328 1970 469 2049 Spartaco
498 1970 617 2049 quidem
645 1978 712 2050 post
739 1978 784 2031 tot
811 1971 1017 2034 consularium
1046 1995 1136 2039 exer·

112 2062 226 2120 cituum
241 2057 338 2118 clades
355 2058 480 2119 inultam
494 2058 605 2119 ltaliam
620 2061 727 2138 urenti,
748 2077 925 2138 quamquam
940 2060 1076 2126 Sertorii
1092 2077 1135 2128 at-

113 2166 171 2226 que
190 2146 367 2207 Mithridatis
386 2146 557 2225 ingentibus
577 2147 662 2208 bellis
676 2147 789 2209 labaret
802 2167 852 2209 res
866 2147 997 2230 publica,
1015 2151 1134 2234 datum,

73 2256 98 2293 10
113 2245 147 2296 ut
164 2243 249 2314 paeto
273 2236 304 2294 in
327 2235 415 2295 fidem
439 2237 638 2318 acciperetur3
661 2236 771 2297 nedum
795 2236 999 2316 pulcherrimo
1023 2243 1136 2322 populi

112 2324 236 2384 Romani
256 2323 371 2402 fastigio
389 2323 464 2385 latro
484 2324 654 2385 Tacfarinas
676 2342 748 2403 pace
772 2333 802 2386 et
825 2327 1022 2388 concessione
1044 2348 1134 2409 agro-

112 2431 179 2473 rum
198 2412 403 2473 redimeretur.
437 2412 486 2474 dat
504 2415 654 2493 negotium
672 2412 789 2494 Blaeso,
811 2422 927 2475 ceteros
947 2416 1075 2493 quidem
1096 2421 1133 2481 ad

113 2519 196 2580 spem
209 2500 370 2581 proliceret
383 2519 463 2562 arma
479 2503 542 2562 sine
556 2519 632 2562 noxa
646 2503 789 2584 ponendi,
810 2504 904 2581 ipsius
923 2510 1024 2565 autem
1040 2506 1134 2569 ducis

112 2610 231 2670 quoquo
263 2590 349 2652 modo
381 2597 544 2669 poteretur.
595 2598 625 2651 et
656 2592 769 2669 recepti
797 2608 830 2650 ea
863 2593 948 2651 venia
978 2591 1133 2675 plerique.

73 2697 98 2738 15
112 2696 179 2738 mox
199 2680 356 2740 adversum
374 2687 453 2740 artes
468 2677 662 2740 Tacfarinatis
680 2678 759 2738 haud
778 2678 915 2739 dissimili
934 2679 1022 2741 modo
1044 2681 1132 2745 belli·

132 2775 255 2827 eratum.

112 2784 131 2844 g
175 2851 225 2914 74.
240 2854 312 2913 Nam
333 2857 400 2932 quia
415 2854 463 2916 ille
478 2855 586 2916 robore
602 2857 750 2916 exercilus
763 2857 859 2937 inpar,
878 2856 996 2918 furandi
1011 2859 1132 2942 melior,

111 2941 206 3022 pluris
229 2960 283 3020 per
305 2942 408 3020 globos
432 2947 599 3004 incursaret
617 2942 811 3022 eluderetque
835 2952 866 3005 et
887 2944 1012 3005 insidias
1037 2949 1131 3010 simul

112 3038 283 3111 temptaret,
304 3041 366 3090 tres
385 3033 534 3112 incessus,
552 3030 676 3091 totidem
695 3035 810 3109 agmina
825 3040 975 3112 parantur.
1006 3053 1043 3095 ex
1058 3041 1131 3116 quis

112 3118 267 3180 Cornelius
283 3118 382 3196 Scipio
396 3119 510 3198 legatus
524 3119 653 3198 praefuit
667 3138 724 3198 qua
739 3121 890 3198 praedatio
905 3123 936 3181 in
950 3120 1131 3201 Leptitanos

85 3215 143 3267 set
170 3207 295 3286 suffugia
324 3206 546 3288 Garamantum3
574 3206 630 3267 alio
659 3207 763 3289 latere,
787 3227 825 3270 ne
849 3208 1032 3271 Cirtensium
1060 3217 1133 3295 pagi

186 3413 229 3479 72,
240 3419 257 3467 4
271 3413 399 3467 arcuerat
408 3411 535 3481 Lipsius:
551 3414 694 3486 arguerat(
706 3414 749 3482 ld,
760 3420 778 3468 4
791 3413 837 3468 ine
876 3411 964 3468 iabile
975 3415 1132 3494 Pluygers!

113 3480 157 3550 Ἀ,
177 3490 194 3538 4
213 3483 379 3552 Leptitanos
398 3482 582 3541 Freinshnm:
602 3484 725 3555 leptinos
744 3501 812 3542 corr.
831 3502 846 3540 e
874 3486 988 3556 epoinos
