2408 3870
102 157 171 223 264
451 155 621 212 CORNELII
639 156 758 213 recisi

101 307 131 366 vi
154 312 377 384 attemptantem
400 307 510 367 acriter
533 305 717 387 reppulerat,
745 308 850 369 deinde
874 308 1033 387 adgnitum
1060 330 1127 373 ora·

102 401 193 473 verat,
209 396 293 473 quasi
308 392 526 475 exprobrasset,
540 397 615 454 mori
629 394 751 457 adactus
765 404 818 457 est.
848 395 927 456 Nero
941 405 1049 459 tamen
1064 419 1127 462 me·

65 494 88 535 1⁵
104 483 235 543 tuentior
258 484 289 542 in
312 490 467 561 posterum
489 481 599 543 milites
623 482 679 544 sibi
702 492 733 545 et
756 485 914 564 plerosque
936 485 1127 562 gladiatores

103 570 313 652 circumdedit,
328 573 381 650 qui
394 573 525 632 rixarum
540 573 623 632 initia
638 573 753 634 modica
767 582 798 634 et
812 575 897 652 quasi
909 576 1029 653 privata
1044 579 1126 639 sine·

102 668 183 721 rent:
198 662 224 720 si
237 677 255 720 a
269 659 357 721 laesis
370 658 495 721 validius
509 668 656 740 ageretur,
670 679 752 722 arma
765 661 939 723 inserebant
970 662 1125 727 ludicram

103 767 221 828 quoque
248 747 398 809 licentiam
425 756 455 808 et
483 747 614 809 lautores
643 749 823 812 histrionum
845 750 980 813 velutin
1003 755 1124 831 proelia

102 839 250 898 convertit
272 838 437 914 inpunitate
457 843 488 896 et
504 838 644 915 praemiis
663 846 751 918 atque
770 841 834 918 ipse
853 838 989 901 occultus
1008 851 1044 903 et
1063 845 1123 922 ple

65 938 88 978 ²0
103 943 231 1004 rumque
254 942 354 986 coram
376 933 583 1007 prospectans,
607 925 702 988 donec
725 927 856 989 discordi
873 927 983 1007 populo
1002 937 1040 992 et
1058 951 1123 1010 gra·

102 1014 193 1074 vioris
206 1020 306 1073 motus
319 1020 436 1074 terrore
450 1031 509 1074 non
523 1013 603 1075 aliud
617 1014 781 1102 remedium
795 1023 947 1095 repertum
957 1025 1014 1098 est,
1031 1037 1124 1099 quam

102 1109 136 1162 ut
149 1101 311 1162 histriones
325 1099 406 1163 ltalia
425 1101 608 1181 pellerentur
626 1104 771 1183 rudesque
789 1104 905 1166 theatro
924 1122 1053 1168 rursum
1073 1109 1123 1170 ad·

102 1189 222 1250 sideret.

169 1275 220 1339 26.
235 1278 292 1339 Per
306 1278 385 1340 idem
399 1286 517 1358 tempus
527 1287 624 1341 actum
640 1281 671 1340 in
685 1289 789 1343 senatu
805 1281 841 1343 de
857 1281 1014 1344 fraudibus
1029 1284 1123 1348 liber·

102 1375 214 1449 torum,
234 1366 484 1448 efflagitatumque
499 1375 533 1429 ut
547 1368 688 1430 adversus
702 1368 777 1430 male
791 1372 914 1432 meritos
932 1375 1124 1438 revocandae

102 1455 248 1518 libertatis
265 1459 313 1518 ius
332 1459 465 1535 patronis
484 1456 612 1518 daretur.
649 1475 704 1518 nec
728 1457 851 1520 deerant
874 1461 927 1538 qui
948 1472 1125 1546 censerent,

103 1545 154 1607 sed
178 1545 315 1606 consules
339 1545 513 1606 relationem
534 1547 667 1623 incipere
686 1563 746 1607 non
764 1549 829 1607 ausi
848 1549 950 1625 ignaro
970 1551 1128 1635 principe,

76 1636 306 1712 sparseripsere
330 1642 428 1695 tamen
452 1635 481 1695 ei
503 1651 681 1694 consensum
707 1642 834 1696 senatus.
877 1634 926 1697 ille
949 1654 987 1696 an
1011 1648 1125 1702 auctor

103 1725 323 1783 constitutionis
343 1723 441 1802 lieret,
467 1722 643 1783 consultavit
668 1724 747 1782 inter
766 1741 878 1802 paucos
898 1733 929 1785 et
948 1732 1126 1791 sententiae

102 1810 247 1890 diversor,
263 1811 440 1890 quibusdam
454 1810 589 1871 coalitam
603 1809 739 1872 libertate
754 1813 983 1874 inreverentiam
997 1832 1037 1876 eo
1054 1837 1125 1896 pro-

102 1902 219 1980 rupisse
233 1899 438 1981 irementibus,
450 1907 485 1960 ut
498 1901 564 1960 vine
579 1916 616 1959 an
630 1917 724 1978 aequo
739 1918 808 1961 cum
821 1902 954 1979 patronis
968 1903 1040 1965 iure
1056 1925 1126 1986 age-

102 1997 183 2070 rent,
202 1985 225 2067 †
240 1990 417 2048 sententiam
437 2005 541 2048 eorum
555 1986 759 2048 consultarent
772 2007 806 2050 ac
820 1988 995 2051 verberibus
1010 2010 1127 2057 manus

65 2090 87 2128 10
102 2076 181 2137 ultro
196 2075 399 2153 intenderent,
417 2075 607 2152 impudenter
621 2076 667 2136 vel
681 2094 806 2154 poenam
821 2095 904 2138 suam
918 2079 977 2156 ipsi
990 2083 1126 2146 suaden-

102 2173 156 2225 tes.
185 2163 256 2242 quid
271 2165 350 2222 enim
365 2162 443 2223 aliud
458 2163 537 2223 laeso
551 2172 676 2241 patrono
691 2182 880 2245 concessum,
895 2184 984 2245 quam
998 2176 1038 2230 ut
1053 2189 1126 2234 cen·

102 2254 241 2314 tesimum
255 2250 333 2311 ultra
346 2251 474 2330 lapidem
487 2253 518 2312 in
533 2269 615 2312 oram
630 2252 803 2332 Campaniae
818 2253 961 2315 libertum
980 2255 1127 2338 releget?

102 2349 218 2402 ceteras
231 2341 363 2401 actiones
376 2342 540 2418 promiscas
554 2349 585 2401 et
598 2358 685 2420 pares
699 2359 778 2402 esse:
792 2341 986 2404 tribuendum
995 2344 1126 2427 aliquod

102 2429 208 2510 telum,
233 2428 312 2508 quod
335 2430 437 2508 sperni
460 2436 596 2508 nequeat.
637 2447 693 2491 nec
716 2447 804 2509 grave
826 2449 916 2493 manu
939 2433 1044 2495 missis
1067 2457 1127 2516 per

65 2528 87 2569 [ὁ
102 2519 181 2580 idem
191 2517 366 2597 obsequium
377 2517 526 2578 retinendi
539 2516 715 2599 libertatem,
730 2536 784 2596 per
799 2519 878 2598 quod
892 2519 1029 2583 adsecuti
1045 2527 1126 2588 sint:

101 2616 132 2670 at
141 2609 300 2669 criminum
309 2607 480 2667 manifestos
494 2607 600 2666 merito
615 2606 651 2666 ad
666 2608 839 2669 servitutem
853 2608 974 2690 retrahi,
988 2618 1026 2671 ut
1034 2623 1126 2676 metu

101 2703 309 2775 coerceantur,
323 2713 398 2774 quos
412 2694 556 2756 beneficia
569 2711 628 2755 non
642 2697 845 2757 mutavissent.

169 2782 220 2847 27.
240 2784 447 2845 Disserebatur
465 2792 588 2844 contra:
600 2801 764 2860 paucorum
783 2784 900 2863 culpam
917 2787 992 2864 ipsis
1012 2792 1126 2852 exitio-

175 2936 219 3003 25,
240 2942 272 2990 13
294 2934 324 2990 vi
349 2937 567 3005 attemptantem
585 2935 728 3006 Agricolo:
756 2935 805 2991 uia
830 2937 1020 3008 temptantem
1051 2944 1126 3012 (vim

101 3008 289 3078 temptantem
309 3005 489 3075 Puteolanus)
513 3010 518 3076 1
543 3004 709 3075 adagnitnm
731 3009 737 3075 1
763 3009 910 3063 litamen
928 3011 1068 3067 Patarea:
1088 3015 1125 3070 tir

102 3082 208 3150 (autem
231 3080 266 3133 al.
291 3076 349 3132 iam
371 3093 422 3134 noa
444 3078 590 3148 qvondam)
608 3081 612 3145 Ι
627 3078 704 3131 metu
730 3077 840 3133 cantior
861 3079 1016 3147 Heinsius!
1034 3083 1083 3150 26,
1106 3089 1125 3139 a

103 3153 129 3206 ei
141 3152 275 3205 Pa'cbena:
290 3148 372 3217 I(om.
383 3151 430 3216 al.)
447 3149 451 3220 l
469 3146 667 3205 tconsultavit
678 3163 740 3204 ooo:
755 3151 787 3204 nt
802 3152 806 3217 1
823 3147 975 3206 idiversos
984 3149 1124 3222 Lipsius:

103 3223 235 3301 aduersos
259 3222 374 3290 (pancos
397 3217 424 3273 ei
447 3220 518 3301 sent.
538 3218 1069 3306 adversor·Freioeaeim)1euterq.t
1088 3231 1126 3280 10

101 3289 1126 3443 actitathddtthttttatnamhttttlttttdt

101 3432 286 3488 centesimum
300 3433 426 3501 lapsine:
445 3446 609 3484 nacemmum
625 3433 629 3500 Ι
647 3435 679 3486 13
698 3447 860 3501 promerens,
878 3449 926 3488 em.
945 3432 1126 3494 Puteolanus

104 3501 109 3576 Ι
122 3510 156 3558 14
166 3519 252 3573 grave
263 3517 332 3555 onus
341 3519 377 3556 m.
390 3502 508 3572 Madvig
524 3500 528 3572 Ι
547 3508 578 3557 16
589 3500 700 3556 detrahi
715 3507 720 3572 t
738 3508 770 3558 li
780 3501 806 3556 h.
819 3501 1075 3560 commutauissent
1084 3509 1124 3564 al.
