2392 3876
265 192 314 248 AB
332 192 493 248 EXOESSU
509 191 666 249 AUGUSTI
682 193 753 251 XIII.
772 199 885 252 att-49.
1014 193 1079 257 277

136 340 188 404 47.
208 341 358 404 Hactenus
371 341 450 403 Nero
463 341 582 421 flagitiis
596 349 626 403 et
640 342 803 404 sceleribus
816 341 979 404 velamenta
993 361 1081 422 quae·

72 433 148 494 sivit.
185 430 375 511 suspectabat
393 432 519 492 maxime
538 430 708 492 Cornelium
727 430 851 512 Sullam,
875 443 977 492 socors
999 434 1080 510 inge·

71 524 155 582 nium
169 523 234 582 eius
248 521 279 580 in
293 521 476 581 contrarium
489 519 611 581 trahens
624 519 822 599 callidumque
836 527 866 581 et
880 520 1081 581 simulatorem

72 609 303 689 interpretando.
341 626 430 688 quem
451 616 565 670 metum
587 608 716 687 Graptus
739 627 775 671 ex
801 607 915 670 libertis
939 607 1082 688 Caesaris,

71 707 177 760 usust
196 705 315 760 senecta
334 697 453 758 Tiberio
472 696 604 777 abusque
623 697 744 758 domum
761 699 931 777 principum
950 697 1108 777 edoctus,a

72 788 123 848 tali
141 787 295 849 mendacio
312 786 449 846 intendit.
476 803 552 865 pons
565 785 692 848 llulvins
709 789 741 847 in
759 805 795 847 co
809 794 942 866 tempore
957 785 1082 847 celebris

73 877 229 938 nocturnis
247 873 406 936 inlecebris
425 881 501 956 erat;
520 875 740 955 ventitabatque
758 874 828 936 illuc
846 875 940 956 Nero,
958 893 1017 953 quo
1036 892 1082 934 so·

71 965 165 1025 lutius
188 962 295 1024 urbem
318 970 401 1023 extra
423 962 581 1024 lasciviret.
612 966 703 1042 igitur
726 964 907 1042 regredienti
929 981 984 1042 per
1007 965 1084 1024 viam

73 1052 246 1113 Flaminiam
261 1053 441 1130 compositas
455 1052 576 1112 insidias
591 1052 709 1132 latoque
729 1055 865 1133 evitatas,
884 1054 1023 1132 quoniam
1041 1051 1083 1112 di·

73 1159 159 1202 verso
174 1142 281 1202 itinere
298 1138 491 1200 Sallustianos
504 1141 536 1200 in
549 1141 651 1201 hortos
665 1144 854 1222 remeaverit,
872 1149 1083 1220 auctoremque
1098 1155 1124 1195 ιο

74 1233 139 1292 eius
157 1230 217 1290 doli
232 1228 344 1289 Sullam
363 1231 536 1309 ementitur,
555 1231 625 1308 quia
638 1229 714 1290 torte
729 1229 925 1291 redeuntibus
939 1231 1083 1290 ministris

73 1321 218 1398 principis
233 1317 354 1397 quidam
367 1334 422 1395 per
435 1317 594 1378 iuvenilem
608 1317 770 1398 licentiam,
789 1336 864 1397 quae
884 1325 956 1379 tuno
974 1321 1084 1396 passim

75 1406 283 1486 exercebatur,
301 1407 420 1466 inanem
433 1413 546 1465 metum
560 1405 699 1466 fecerant.
727 1411 824 1484 neque
839 1423 992 1466 servorum
1006 1408 1085 1484 quis·

75 1513 163 1574 quam
177 1511 274 1573 neque
289 1493 442 1554 clientium
456 1492 554 1554 Sullae
573 1493 724 1573 adgnitus,
742 1495 929 1572 maximeque
947 1493 1086 1571 despecta

76 1592 106 1645 et
124 1582 234 1644 nullius
254 1583 319 1643 ausi
338 1599 429 1660 capax
443 1590 548 1642 natura
563 1584 627 1643 eius
642 1600 659 1642 a
672 1584 796 1644 crimine
810 1580 1000 1642 abhorrebat:
1018 1599 1083 1660 per·
1100 1595 1126 1636 1⁶

75 1672 145 1739 inde
165 1679 277 1750 tamen,
301 1671 386 1748 quasi
410 1671 563 1731 convictus
582 1677 673 1751 esset,
697 1669 803 1731 cedere
822 1671 917 1749 patria
936 1676 966 1732 et
984 1668 1084 1730 Massi·

75 1761 214 1823 liensium
226 1757 384 1819 moenibus
398 1760 531 1819 coerceri
544 1757 672 1819 iubetur.

141 1845 195 1911 48.
218 1845 315 1908 lsdem
339 1846 511 1907 consulibus
533 1847 650 1908 auditae
668 1847 898 1909 Puteolanorum
917 1847 1086 1928 legationes,

77 1955 149 2017 quas
164 1937 296 1997 diversas
310 1933 383 1996 ordo
397 1934 482 2014 plebs
496 1936 533 1996 ad
547 1943 682 1997 senatum
700 1938 856 2016 miserant,
873 1935 917 1997 illi
934 1938 994 1996 vim
1012 1935 1086 1996 mul·

77 2025 221 2105 titudinis,
235 2024 268 2085 hi
281 2025 507 2102 magistratuum
521 2031 551 2086 et
564 2027 653 2103 primi
667 2028 812 2104 cuiusque
825 2026 976 2086 avaritiam
990 2026 1086 2086 inerc-

74 2123 187 2195 pautes.
216 2131 309 2192 eaque
327 2112 433 2173 seditio
451 2112 488 2173 ad
507 2131 576 2174 saxa
594 2120 625 2174 ct
643 2117 738 2176 minas
751 2115 864 2193 ignium
877 2131 1035 2193 progressa
1049 2131 1087 2174 ne

75 2205 196 2265 caedem
219 2208 249 2263 et
272 2219 352 2262 arma
375 2200 547 2282 proliceret,
571 2201 601 2263 C.
625 2202 743 2264 Cassius
766 2202 932 2264 adhibendo
955 2202 1113 2263 remetior

77 2290 217 2353 delectus.
264 2291 333 2369 quia
360 2292 548 2351 severitatem
571 2293 636 2351 eius
659 2285 720 2352 non
742 2290 918 2371 tolerabant,
946 2299 1087 2370 precante

78 2382 143 2459 ipso
161 2377 197 2439 ad
214 2376 385 2439 Scribonios
403 2378 511 2439 fratres
529 2396 564 2438 eo
583 2396 655 2439 cura
668 2380 859 2460 transfertur,
878 2379 946 2439 data
965 2379 1087 2439 cohorte

76 2469 237 2547 praetoria,
256 2468 342 2527 cuius
356 2473 471 2526 terrore
486 2472 516 2526 et
529 2483 692 2543 paucorum
707 2466 852 2546 supplicio
866 2466 955 2526 rediit
969 2465 1087 2544 oppida·

77 2558 123 2616 nis
138 2554 303 2616 concordia.
819 2569 824 2577 ·

144 2640 195 2704 49.
210 2641 275 2701 Non
289 2641 433 2702 referrem
447 2640 685 2719 vulgarissimum
700 2649 820 2702 senatus
833 2641 1015 2722 consultum,
1030 2660 1088 2722 quo

78 2733 189 2792 civitati
213 2729 466 2808 Syracusanorum
488 2729 590 2806 egredi
612 2747 771 2790 numerum
799 2728 920 2791 edendis
947 2729 1088 2810 gladiato·

77 2818 161 2881 ribus
175 2819 294 2879 linitum
307 2816 543 2897 permittebatur,
556 2817 733 2879 nisiPaetus
743 2817 872 2879 Thrasea
882 2826 985 2880 contra
999 2820 1088 2881 dixis·

77 2916 124 2970 set
141 2905 386 2987 praebuissetque
404 2907 559 2968 materiem
577 2905 826 2969 obtrectatoribus
840 2908 1006 2987 arguendae
1022 2926 1087 2970 sen·

77 2999 196 3059 tentiae.
224 3013 280 3057 cur
297 2996 388 3074 enim,
408 2997 434 3056 si
448 3013 511 3055 rem
525 2994 674 3074 publicam
688 3013 775 3075 egere
789 2995 926 3058 libertate
941 2999 1088 3059 senatoria
1101 3010 1115 3050 ⁵

76 3086 227 3165 crederet,
250 3091 310 3144 tam
333 3081 407 3144 levia
427 3079 671 3145 consectaretur?
696 3087 767 3164 quin
786 3085 823 3146 de
842 3084 919 3145 bello
938 3092 989 3146 aut
1006 3103 1088 3165 pace,

148 3326 194 3393 47,
213 3330 230 3380 b
249 3323 375 3392 abusque
393 3324 520 3447 Lr'psa'tte:
546 3340 600 3380 suo
618 3339 705 3393 usque
721 3327 726 3390 Ι
743 3330 758 3379 't
776 3321 967 3391 ueniebatque
983 3325 988 3392 Ι
1003 3328 1020 3378 e
1038 3322 1087 3378 lla

77 3396 206 3464 minoem,
225 3412 271 3451 em.
289 3395 394 3451 Puteol.
412 3397 416 3464 Ι
444 3396 492 3448 ato
511 3393 620 3463 quieuit
643 3397 705 3450 atae
721 3397 726 3464 Ι
743 3400 776 3449 12
798 3393 941 3449 ioenulem
956 3396 960 3462 Ι
978 3399 1010 3450 16
1024 3409 1088 3464 pro—

75 3465 143 3520 inde
159 3469 164 3536 Ι
179 3466 225 3534 48,
240 3473 256 3522 2
274 3464 412 3534 plebsque
426 3466 520 3592 corrup
532 3472 550 3520 4
562 3481 598 3549 ue
613 3466 728 3547 eaedem
741 3465 773 3520 N
778 3467 784 3479 ’
849 3465 911 3536 day:
930 3479 1028 3519 uocem
1042 3467 1088 3535 (ne

75 3552 173 3591 necem
195 3535 411 3608 waltberto,
433 3543 446 3591 1
470 3552 489 3590 u
520 3538 711 3606 gatrssrmum,
730 3551 777 3592 aa.
807 3551 893 3633 ,aare
910 3536 968 3592 coll.
990 3541 1033 3603 16,
1052 3538 1089 3592 22
