2392 3876
284 705 599 789 CORNELII
639 702 868 786 ΤΑΟΙΤΙ

322 850 371 919 ΑΒ
393 847 656 920 excusationi
678 843 837 918 AUGUSTI

503 995 611 1050 LIBER
628 995 649 1050 I.

140 1143 167 1206 1.
186 1144 297 1206 Urbem
310 1144 432 1205 Romam
451 1163 468 1205 a
485 1147 632 1224 principio
647 1161 734 1224 reges
748 1141 894 1223 habuere3
912 1141 1081 1203 libertatem

71 1240 101 1294 et
115 1232 302 1294 consulatum
309 1232 342 1292 L.
357 1232 468 1293 Brutus
487 1234 626 1294 instituit.
659 1232 823 1292 dictaturae
841 1231 877 1292 ad
896 1237 1014 1309 tempus
1034 1247 1082 1291 su-

71 1320 242 1400 mebantur3
256 1338 354 1399 neque
363 1320 566 1380 decemviralis
581 1326 711 1396 potestas
722 1317 799 1379 ultra
809 1318 970 1398 biennium,
985 1337 1083 1397 neque

71 1409 261 1469 tribunorum
276 1407 404 1467 militum
418 1406 573 1466 consulare
583 1407 631 1463 ius
641 1406 693 1464 diu
705 1403 803 1464 valuit.
827 1424 887 1464 non
894 1405 1012 1486 Cinnae,
1023 1425 1083 1466 non

72 1496 172 1556 Sullae
191 1495 278 1569 longa
300 1494 475 1571 dominati03
500 1499 530 1550 et
548 1491 671 1568 Pompei
689 1491 847 1570 Crassique
870 1495 1002 1569 potentia
1024 1495 1082 1554 cito
1111 1513 1124 1553 5

72 1585 104 1642 in
119 1582 283 1659 Caesarem,
302 1579 408 1658 Lepidi
427 1586 515 1658 atque
529 1579 649 1638 Antonii
663 1597 744 1639 arma
762 1581 793 1638 in
807 1579 974 1658 Augustum
988 1599 1084 1641 cesse·

73 1688 116 1748 re,
132 1671 184 1747 qui
199 1677 305 1729 cuncta
321 1667 479 1728 discordiis
494 1666 629 1728 civilibus
645 1668 722 1728 fessa
736 1670 854 1728 nomine
868 1669 1013 1747 principis
1028 1668 1084 1729 sub

72 1758 232 1836 imperium
251 1757 374 1836 accepit.
412 1756 464 1816 sed
483 1758 592 1816 veteris
616 1756 718 1835 populi
736 1755 860 1817 Romani
878 1774 1020 1834 prospera
1039 1757 1085 1818 vel

72 1845 195 1905 adversa
219 1844 306 1905 claris
329 1843 526 1922 scriptoribus
549 1851 710 1905 memorata
731 1852 815 1926 sunt;
840 1844 1084 1924 temporibusque

72 1933 198 2011 Augusti
212 1933 345 1994 dicendis
359 1950 419 1993 non
436 1932 558 1994 deluere
572 1933 679 1993 decora
693 1935 819 2013 ingenia,
834 1933 928 1993 donec
938 1932 1081 2012 gliscente
1099 1953 1125 1992 ιο

73 2020 242 2080 adulatione
256 2021 490 2082 deterrerentur.
517 2019 631 2080 Tiberii
645 2020 758 2100 Gaique
776 2028 807 2081 et
821 2020 935 2081 Claudii
949 2040 983 2082 ac
992 2021 1083 2082 Nero·

73 2110 120 2168 nis
139 2126 188 2168 res
206 2107 382 2169 ilorentibus
401 2110 475 2186 ipsis
493 2108 531 2168 ob
550 2115 662 2169 metum
681 2109 779 2189 falsae,
798 2117 956 2188 postquam
970 2110 1084 2170 occide·

73 2203 149 2276 rant,
163 2196 335 2257 recentibus
349 2196 425 2257 odiis
439 2199 619 2275 compositae
638 2205 716 2257 sunt,
748 2197 817 2257 inde
836 2197 993 2258 consilium
1012 2199 1085 2258 milri

73 2301 167 2361 pauca
187 2284 222 2345 de
237 2284 370 2363 Augusto
386 2293 417 2345 et
430 2293 561 2345 extrema
580 2284 707 2364 tradere,
726 2302 794 2344 mox
807 2283 924 2345 Tiberii
938 2288 1085 2364 principa-

73 2379 138 2432 tum
153 2379 182 2432 et
197 2378 305 2452 cetera,
319 2374 383 2432 sine
398 2375 442 2433 ira
452 2381 482 2433 et
492 2373 599 2452 studio,
615 2390 742 2450 quorum
752 2391 856 2434 causas
867 2373 973 2451 procul
981 2373 1084 2433 babeo.
1100 2393 1125 2431 15

141 2456 170 2519 2.
185 2459 345 2538 Postquam
359 2460 452 2521 Bruto
473 2469 503 2520 et
517 2460 617 2520 Cassio
632 2462 726 2520 caesis
742 2460 821 2520 nulla
835 2463 893 2521 iam
907 2460 1026 2540 publica
1040 2473 1085 2521 ar-

74 2565 130 2626 ma,
150 2546 307 2627 Pompeius
322 2548 400 2624 apud
415 2547 546 2608 Siciliam
560 2565 720 2626 oppressus
740 2557 889 2628 exutoque
903 2548 1023 2631 Lepido,
1042 2552 1086 2610 in·

75 2634 200 2694 terlecto
214 2634 342 2703 Antonio
358 2653 396 2694 ne
409 2635 531 2695 Iulianis
545 2635 665 2714 quidem
678 2636 813 2716 partibus
828 2640 886 2698 nisi
900 2638 1007 2698 Caesar
1025 2638 1085 2698 dux

75 2720 224 2799 reliquus,
242 2722 339 2798 posito
358 2723 506 2781 triumviri
525 2724 644 2784 nomine
663 2725 815 2786 consulem
835 2744 867 2787 se
887 2727 986 2787 lerens
1005 2726 1085 2786 etad

24 2840 32 2855 -
75 2807 217 2870 tuendam
226 2807 343 2888 plebem
353 2807 513 2870 tribunicio
523 2812 588 2872 iure
598 2820 780 2893 contentum,
794 2814 846 2874 ubi
856 2815 979 2875 militem
990 2815 1085 2895 donis,
1100 2834 1112 2873 s

74 2895 217 2975 populum
237 2883 365 2977 anndna,
389 2905 513 2958 cunctos
532 2899 688 2962 dulcedine
706 2904 760 2962 otii
778 2902 911 2984 pellexit,
930 2906 1086 2982 insurgere

75 2982 224 3065 paulatim,
244 2986 345 3045 munia
364 2994 485 3047 senatus
504 2990 731 3066 magistratuum
750 2990 849 3069 legum
867 2994 944 3052 inse
960 2992 1086 3071 trahere,

75 3069 156 3132 nullo
167 3072 351 3154 adversante,
366 3092 434 3135 cum
449 3076 627 3138 ferocissimi
641 3097 696 3157 per
710 3081 788 3139 acies
803 3087 854 3139 aut
867 3081 1086 3158 proscriptione

41 3216 42 3219 ,
74 3157 262 3241 cecidissent,
283 3165 376 3222 ceteri
396 3164 547 3244 nobilium,
570 3174 680 3245 quanto
695 3169 763 3246 quis
777 3170 898 3228 servitio
912 3170 1086 3246 promptior,

75 3245 181 3323 opibus
202 3254 232 3309 et
250 3248 414 3312 bonoribus
433 3253 646 3315 extollerentur
670 3273 704 3315 ac
727 3248 817 3316 novis
834 3275 870 3316 ex
894 3256 984 3316 rebus
1008 3258 1088 3316 aucti
1102 3272 1128 3311 ro

75 3339 140 3392 tuta
158 3341 188 3395 et
207 3340 375 3415 praesentia
389 3358 477 3418 quam
491 3349 591 3402 vetera
605 3349 635 3402 et
648 3343 816 3421 periculosa
829 3343 958 3406 mallent.
991 3363 1087 3423 neque

74 3422 245 3498 provinciae
259 3424 342 3487 illum
357 3444 457 3488 rerum
478 3436 587 3490 statum
607 3428 788 3512 abnuebant,
808 3422 948 3511 suspecto
967 3442 1087 3493 senatus

129 3529 234 3573 neom
247 3533 323 3576 naas
338 3537 355 3577 1.
373 3535 378 3545 ·
858 3537 871 3583 1
