2392 3876
128 171 173 236 22
475 169 645 226 coenatu
662 171 781 227 racrrr

130 320 200 381 dere
219 318 356 380 vexillum
376 321 491 380 intento
511 321 617 381 mortis
635 327 717 380 metu
737 320 887 399 subigunt.
916 339 984 383 mox
1002 324 1070 401 vagi
1087 341 1143 402 per

129 412 191 469 rias
205 407 307 469 obvios
321 406 452 469 habuere
466 407 590 488 legatos,
604 407 704 468 andita
718 411 956 470 consternatione
971 409 1006 470 ad
1021 409 1142 472 Germa·

129 500 231 558 nicum
258 496 423 557 tendentes.
469 499 610 573 ingerunt
639 497 848 578 contumelias,
879 498 1000 560 caedem
1027 506 1143 580 parant,

131 585 239 646 Planco
253 587 389 665 maxime,
404 602 492 663 quem
507 584 635 663 dignitas
650 585 719 663 lnga
732 586 940 666 impediverat3
954 603 1053 666 neque
1062 587 1142 648 aliud

92 685 117 727 1⁵
131 673 311 752 periclitanti
339 672 505 733 subsidium
535 691 624 751 quam
646 681 742 734 castra
765 676 882 752 primae*
901 674 1035 753 legionis.
1081 674 1144 738 illic

131 765 214 841 signa
238 769 268 822 et
291 760 418 839 aquilam
441 759 594 840 amplexus
617 760 760 839 religione
779 779 845 822 sese
863 761 1030 843 tutabatur,
1053 781 1088 824 ae
1111 767 1144 824 ni

132 849 269 929 aquilifer
287 848 466 927 Calpurnius
484 851 543 909 rim
563 856 725 910 extremam
743 852 903 931 arcuisset,
927 868 1029 912 rarum
1053 854 1144 914 etiam

131 941 210 998 inter
224 938 338 1017 hostes,
360 936 474 1016 legatus
492 936 595 1016 populi
609 936 733 998 Romani
747 937 886 1000 Romanis
904 941 936 1000 in
954 941 1063 1000 castris
1076 957 1143 1002 san-

131 1028 220 1105 guine
235 1043 289 1085 suo
304 1023 407 1086 altaria
420 1025 510 1086 dearm
524 1025 804 1088 commaculavisset.
837 1027 903 1088 lnce
918 1026 1047 1108 demum,
1061 1037 1144 1106 post·

91 1127 117 1168 ao
131 1132 220 1193 quam
233 1112 294 1173 dur
308 1120 339 1173 et
352 1113 436 1174 miles
446 1121 476 1174 et
485 1114 561 1175 lacta
570 1114 779 1196 noscebantur,
793 1117 947 1194 ingressus
962 1123 1060 1176 eastra
1071 1116 1142 1178 Ger*

131 1205 264 1263 manicos
282 1201 407 1280 perduoi
420 1201 456 1262 ad
472 1220 503 1261 se
517 1202 659 1263 Plancum
673 1205 799 1281 imperat
813 1206 986 1283 recepitque
999 1206 1032 1264 in
1045 1205 1144 1267 tribu-

130 1290 187 1351 nal.
214 1299 277 1350 tum
292 1289 409 1350 letalem
423 1292 580 1368 increpans
589 1290 711 1370 rabiem,
725 1309 823 1371 neque
832 1291 968 1372 militnm,
983 1292 1037 1353 sed
1051 1293 1143 1354 deum

130 1382 174 1440 ira
188 1395 359 1460 resurgere,
373 1396 428 1439 cur
441 1380 577 1439 venerint
591 1379 679 1457 legati
693 1382 801 1461 aperit3
820 1382 868 1441 ius
882 1380 1038 1460 legationis
1051 1390 1144 1461 atque

130 1469 225 1545 ipsius
238 1466 339 1527 Planci
352 1461 515 1545 gravem'et
528 1469 699 1528 inmeritum
715 1486 825 1548 casum,
839 1468 927 1529 simul
937 1477 1084 1548 qnantum
1094 1471 1144 1531 de

91 1566 116 1608 2⁶
130 1552 247 1617 decoris
266 1555 373 1617 adierit
391 1556 481 1633 legio,
504 1552 636 1616 facunde
649 1545 821 1636 miseratur,
844 1558 1028 1636 attonitaque
1047 1561 1143 1638 magis

131 1663 219 1724 quam
237 1646 337 1723 quieta
355 1646 492 1705 contione
513 1643 625 1721 legatos
638 1643 788 1722 praesidio
803 1644 990 1706 auxiliarium
1005 1647 1143 1724 equitum

131 1734 261 1794 dimittit.

195 1818 247 1881 40.
267 1819 310 1879 Eo
324 1821 355 1880 in
373 1828 455 1881 metu
474 1818 598 1898 argt‘r'ere
617 1819 827 1882 Germanicum
845 1839 962 1902 omncs,
981 1821 1061 1901 quod
1082 1841 1143 1884 non

130 1908 166 1969 ad
181 1909 365 1985 superiorem
384 1911 549 1970 exercitum
567 1918 719 1989 pergeret,
743 1908 796 1970 ubi
814 1909 956 1988 obsequia
980 1916 1010 1970 et
1036 1920 1143 1973 contra

130 1994 250 2055 rebellis
264 1994 419 2056 auxilium:
434 1999 505 2056 satis
520 2015 670 2076 superque
685 1999 826 2058 missione
840 2004 871 2058 et
883 1999 1010 2076 pecunia
1024 2004 1055 2058 et
1069 1999 1143 2060 mol·

129 2083 208 2144 libus
227 2082 370 2143 consultis
388 2092 552 2162 peccatum.
583 2084 631 2146 vel
649 2088 675 2146 si
693 2085 760 2146 vilis
780 2088 838 2163 ipsi
856 2085 949 2167 salus,
972 2104 1027 2147 cur
1046 2087 1143 2149 tilium

103 2170 293 2250 sparvulum,
308 2189 362 2231 cur
372 2173 522 2249 gravidam
532 2175 688 2250 coniugem
698 2176 777 2235 inter
787 2174 920 2235 lucentes
930 2180 961 2235 et
974 2177 1072 2236 omnis
1087 2176 1142 2253 hq-

128 2262 208 2320 mani
221 2261 296 2319 iuris
310 2258 467 2320 violatores
486 2258 631 2322 baberet?
649 2261 716 2323 illos
735 2261 839 2324 saltem
857 2280 911 2323 aro
930 2269 961 2323 et
978 2265 1024 2323 rei
1041 2263 1141 2342 publi·

129 2366 180 2409 cae
199 2346 344 2408 redderet.
382 2347 433 2408 diu
452 2357 609 2410 cunctatus
628 2358 835 2428 aspernantem
857 2367 995 2431 uxorem,
1019 2370 1089 2413 cum
1109 2344 1142 2414 se

129 2437 196 2496 divo
210 2435 343 2514 Augusto
358 2443 452 2497 ortam
467 2454 564 2516 neque
579 2437 756 2516 degenerem
770 2438 807 2500 ad
821 2438 953 2517 pericula
968 2447 1141 2521 testaretur,

128 2532 278 2602 postremo
293 2532 412 2585 uterum
426 2527 491 2586 eius
505 2534 535 2587 et
549 2544 736 2588 communem
754 2527 847 2588 filiurn
867 2527 960 2589 multo
979 2546 1047 2589 cum
1066 2528 1141 2592 tletu

89 2624 115 2665 1⁰
129 2613 313 2692 complexus,
333 2619 367 2673 ut
385 2611 480 2674 abiret
497 2614 636 2692 perpulit.
668 2614 825 2677 incedebat
843 2615 987 2677 muliebre
1006 2623 1037 2677 et
1050 2620 1139 2680 mise·

128 2699 220 2761 rabile
235 2718 352 2780 agmen,
372 2702 497 2779 proluga
511 2702 697 2783 ducisuxor,
717 2703 872 2782 parvulum
891 2706 958 2764 sinu
978 2704 1073 2766 lilium
1091 2724 1140 2785 ge·

128 2806 206 2868 rens,
220 2787 414 2850 lamentantes
423 2792 536 2851 circum
546 2794 709 2853 amicorum
723 2794 874 2872 coniuges,
887 2810 963 2872 quae
977 2794 1067 2855 simul
1082 2802 1141 2856 tra·

127 2875 288 2956 bebantur,
306 2895 362 2938 nee
377 2880 475 2939 minus
490 2882 591 2941 tristes
606 2883 658 2960 qui
671 2879 837 2942 manebant.

193 2962 245 3026 41.
259 2964 324 3024 Non
339 2964 473 3028 llorentis
487 2967 621 3030 Caesaris
634 2987 732 3049 neque
746 2971 809 3030 suis
823 2972 855 3030 in
869 2972 983 3050 castris,
998 2977 1044 3031 set
1057 2971 1142 3034 velut

127 3053 158 3113 ln
179 3047 254 3113 urbe
275 3055 352 3113 ricta
372 3055 463 3116 facies
484 3059 671 3136 gemitusque
691 3075 725 3118 ae
747 3057 883 3135 planctus
902 3060 991 3119 etiam
1007 3058 1141 3136 prilitum

127 3158 216 3202 aures
230 3159 341 3220 oraque
351 3142 517 3205 advertere:
532 3146 765 3224 progrediuntur
774 3144 987 3207 contuberniis.
1011 3149 1080 3225 quis
1090 3148 1140 3209 ille

126 3228 234 3291 tlebilis
248 3226 363 3290 sonus?
390 3232 469 3310 quod
483 3240 544 3293 tam
558 3230 666 3294 triste?
688 3234 812 3294 feminas
826 3233 981 3314 inlustres,
996 3251 1055 3295 non
1070 3254 1140 3298 cen-

196 3362 242 3430 40,
263 3371 276 3417 1
296 3367 375 3418 motu
393 3368 462 3420 coni.
481 3365 597 3436 Lipsius
614 3386 638 3425 o.
662 3367 836 3436 Wdlfftiuum
853 3369 886 3422 e'u
898 3368 997 3438 Pastor.
1011 3370 1139 3441 eones!

125 3432 171 3500 41,
191 3440 207 3487 4
226 3433 294 3502 quid
312 3436 371 3488 lam
389 3436 471 3490 triste
489 3439 632 3506 Heinsius,
651 3439 727 3507 quod
745 3437 861 3492 tiriolo
879 3437 935 3493 ibor
948 3440 1038 3493 Eruile
1051 3439 1141 3497 Jacob

127 3503 213 3571 (quod
223 3531 256 3551 =
267 3505 343 3572 quod
357 3507 400 3560 est
417 3506 490 3560 illud
508 3507 607 3563 triste?
624 3511 644 3564 ὁ.
659 3526 680 3565 e.
694 3510 744 3576 qut
756 3515 796 3566 eet
808 3510 854 3565 itte
867 3510 955 3565 tristis
968 3510 1126 3582 aspectual)
