2392 3876
110 176 174 242 150
454 175 624 232 CORNELII
641 175 762 231 ΤΔΟΙΤΙ

109 332 198 404 cerat,
213 343 281 387 cum
295 324 423 386 Sabinus
438 326 605 404 circumire,
619 324 741 404 hortari,
755 344 792 386 ne
807 325 842 386 ad
853 325 992 404 ambigua
1004 330 1127 390 sonitus

108 423 160 475 aut
178 414 523 493 simulationemquietis
542 431 643 474 casum
656 413 866 475 insidiantibus
880 417 1051 496 aperirent,
1074 419 1126 478 sed

69 519 95 559 ao
110 521 163 563 sua
182 504 308 583 quisque
326 505 428 564 munia
446 510 598 563 servarent
616 504 730 562 immoti
748 501 875 581 telisque
889 521 950 563 non
965 505 996 563 in
1013 504 1124 567 falsum

110 594 203 653 iactis.

176 677 228 742 51.
251 681 367 742 interea
384 677 502 741 barbari
520 681 647 739 catervis
661 678 997 740 decurrentes-nuncin
1012 682 1124 744 vallum

110 768 256 831 manualia
273 787 356 848 saxa,
375 774 530 846 praeustas
544 767 650 847 sudes,
669 766 891 828 decisa-robora
906 769 1020 849 iacere,
1042 788 1123 832 nunc

110 857 246 936 virgultis
265 864 295 917 et
313 855 446 917 cratibus
460 862 491 916 et
504 854 681 934 corporibus
695 856 1001 935 exanimiseomplere
1016 859 1123 940 fossas,

111 945 230 1024 quidam
247 946 348 1024 pontis
367 952 397 1005 et
415 942 594 1004 scalasantc
614 943 750 1006 lubricati
762 944 873 1006 inferre
886 947 1123 1024 propugnaculis

85 1050 97 1090 s
111 1052 204 1112 eaque
218 1050 373 1112 prensare,
387 1031 543 1094 detrahere
557 1040 587 1092 et
601 1032 757 1094 adversum
771 1035 944 1094 resistentis
951 1038 1123 1098 eomminus

110 1124 173 1182 niti.
205 1121 291 1182 miles
305 1129 408 1184 contra
419 1120 581 1182 deturbare
596 1121 675 1201 telis,
689 1121 799 1200 pellere
808 1121 1123 1203 .nmbouibus,1mnra·

111 1210 149 1270 lia
174 1209 246 1291 pila,
274 1218 429 1290 congestas
455 1209 586 1288 lapidum
607 1209 701 1270 moles
724 1210 905 1288 provolvere.
946 1211 1123 1291 hispaniae

111 1300 251 1360 victoriae
270 1317 338 1379 spes
356 1308 396 1381 et,
415 1300 441 1360 si
454 1298 573 1379 cedant,
590 1301 761 1376 insignitius
775 1298 931 1379 flagitium,
948 1299 1009 1360 illis
1024 1310 1122 1362 entre·

112 1406 159 1448 ma
181 1389 238 1449 iam
263 1387 342 1449 salus
365 1387 768 1467 etausistentasplorroque
786 1393 901 1449 vnrartres
916 1391 1123 1470 encourages

73 1492 97 1533 10
112 1495 275 1556 earumque
286 1476 413 1538 lamenta
426 1477 673 1538 adduntanimos.
695 1495 754 1537 nox
768 1475 833 1536 aliis
842 1478 874 1536 in
884 1475 1048 1559 audaciam,
1058 1478 1123 1539 aliis

112 1566 148 1627 ad
156 1566 646 1647 formidinemopportuna3incerti
654 1567 740 1645 ictus,
749 1564 869 1625 vulnera
879 1567 1122 1648 inprovisa3suo·

112 1673 179 1715 rum
198 1663 287 1734 atque
300 1654 432 1716 hostium
447 1656 593 1733 ignoratio
608 1663 638 1716 et
648 1656 760 1714 montis
775 1654 910 1714 anfractu
925 1669 1123 1732 repercussae

111 1743 192 1804 velut
218 1762 235 1803 a
258 1751 342 1821 tergo
365 1760 453 1804 voces
475 1742 548 1803 adeo
572 1751 680 1804 cuncta
702 1745 896 1823 miscuerant,
914 1749 954 1802 ut
976 1744 1123 1822 quaedam

111 1834 295 1893 munimenta
312 1830 437 1893 Romani
455 1833 541 1910 quasi
558 1838 701 1911 perrupta
719 1833 881 1892 omiserint.
904 1847 1002 1910 neque
1021 1839 1123 1893 tamen

72 1933 98 1973 15
112 1938 268 1999 pervasere
298 1919 400 1981 hostes
426 1921 486 1979 nisi
514 1919 673 1980 admodum
700 1921 802 1998 pauci:
838 1925 971 2000 eeteros,
1005 1919 1122 1982 deiecto

111 2010 333 2088 promptissimo
348 2026 466 2088 quoque
480 2015 532 2068 aut
546 2010 659 2088 saucio,
678 2008 835 2086 adpetente
849 2010 907 2068 iam
921 2007 988 2068 luce
1003 2015 1122 2070 trusere

112 2101 143 2157 in
167 2116 280 2158 summa
302 2096 428 2176 castelli,
451 2094 505 2156 ubi
522 2096 645 2157 tandem
663 2105 764 2158 coacta
782 2095 902 2157 deditio.
939 2103 970 2156 et
986 2100 1124 2175 proxima

112 2194 217 2265 sponte
231 2184 394 2247 incolarum
408 2192 541 2262 recepta:
560 2183 696 2264 reliquis,
710 2202 770 2264 quo
784 2186 883 2246 minus
897 2186 926 2245 vi
940 2193 991 2244 aut
1005 2184 1122 2247 obsidio

112 2276 334 2355 subigerentur,
352 2281 540 2352 praematura
558 2274 667 2358 montis
681 2272 785 2334 Haemi
798 2281 829 2334 et
842 2287 929 2333 saera
941 2273 1037 2334 biems
1053 2274 1122 2335 sub-

74 2379 100 2417 20
115 2367 203 2424 venit.

179 2449 230 2514 52.
254 2452 292 2514 At
310 2450 420 2512 Romae
435 2458 580 2512 commota
593 2452 738 2529 principis
752 2450 852 2531 domo,
871 2452 1012 2514 utseries
1027 2450 1123 2512 futuri

112 2544 144 2602 in
162 2541 353 2620 Agrippinam
372 2541 454 2600 esitii
467 2540 625 2619 inciperet,
646 2539 767 2600 Claudia
780 2538 907 2600 Pulcbra
922 2538 1040 2600 sobrina
1056 2541 1122 2601 eius

112 2629 280 2708 postulatur
298 2635 455 2691 accusante
469 2627 596 2689 Domitio
611 2628 690 2690 iilro.
719 2630 746 2689 is
764 2644 870 2688 recens
888 2635 1042 2707 praetura,
1055 2637 1122 2688 mo·

114 2718 198 2777 dicus
213 2717 390 2794 dignationis
404 2726 434 2778 et
448 2735 567 2797 quoquo
581 2717 712 2778 facinore
721 2734 867 2796 properus
877 2715 1051 2797 clarescere,
1065 2719 1122 2777 cri·

87 2818 100 2858 s
114 2821 181 2864 men
196 2803 397 2886 inpudicitiae,
410 2805 579 2868 adultorum
592 2805 748 2887 Furnium,
763 2805 904 2867 veneficia
914 2806 945 2865 in
955 2806 1122 2883 principem

113 2899 144 2953 et
167 2890 338 2951 devotiones
356 2893 530 2969 obiectabat.
571 2893 732 2973 Agrippina
750 2911 868 2973 semper
886 2900 983 2973 atrox,
1009 2901 1073 2954 tum
1093 2900 1122 2954 et

114 2977 247 3059 periculo
261 2981 444 3058 propinquae
459 2997 590 3062 accensa,
608 2983 707 3059 pergit
720 2982 756 3043 ad
771 2982 923 3050 Tiberium
937 2996 971 3043 ac
986 2981 1063 3042 forte
1079 2999 1123 3042 sa·

115 3068 296 3130 criticantem
314 3069 393 3145 patri
410 3071 551 3146 repperit.
584 3087 643 3148 quo
661 3072 746 3131 initio
764 3070 891 3131 invidiae
910 3087 970 3131 non
990 3069 1122 3131 eiusdem

115 3160 156 3219 ait
174 3163 303 3219 mactare
317 3155 383 3216 divo
398 3155 531 3234 Augusto
547 3159 681 3218 victimas
696 3167 726 3220 et
740 3168 876 3238 posteros
890 3160 956 3220 cius
970 3160 1122 3220 insectari.

187 3381 232 3449 51,
254 3387 286 3436 15
301 3380 410 3435 deiecto
432 3377 527 3436 Orelli:
546 3380 656 3436 delecto
674 3381 779 3451 (deleto
792 3382 957 3450 Beroaldus)
974 3384 978 3450 Ι
996 3385 1029 3436 18
1048 3380 1123 3434 ineo·

115 3451 218 3506 larum:
244 3451 371 3507 incorum
393 3451 528 3522 (ipsorum
546 3450 652 3520 Haase)
671 3454 706 3519 cf.
726 3456 771 3507 13.
790 3456 826 3507 39
849 3450 907 3524 alie
929 3453 1030 3521 sponte
1048 3451 1125 3505 inco-

116 3522 208 3577 larum
226 3521 255 3576 in
275 3523 447 3580 deditionem
464 3521 617 3578 veniebant
641 3526 645 3576 Ι
670 3523 707 3564 ⁵⁰
740 3529 745 3536 ¹
779 3537 851 3564 roe*
873 3539 874 3544 ¹
897 3521 923 3560 Ε
945 3524 1006 3578 aaut
