2392 3876
266 193 315 248 AB
335 193 495 250 EXOESSU
511 191 668 248 AUGUSTI
685 191 756 249 XIV.
776 197 889 248 62—66.
1015 191 1079 256 317

72 352 239 422 temporum
258 341 376 403 illorum
396 341 481 403 nohis
499 340 547 401 vel
564 340 629 400 aliis
648 340 819 402 auctoribus
837 349 974 421 noscent,
997 358 1081 419 prae-

72 439 223 510 sumptum
236 430 376 511 habeant,
396 433 533 510 quotiens
552 430 636 509 fugas
654 437 685 489 et
703 429 808 490 caedes
827 431 914 490 iussit
932 431 1081 509 princepe

71 522 181 582 totiens
199 528 297 598 grates
316 519 379 580 deis
397 526 490 599 actae,
514 536 648 597 quaeque
667 535 768 578 rerum
787 519 985 579 secundarum
1003 517 1082 598 olim,
1096 529 1122 570 1⁵

72 618 136 670 lum
154 608 290 687 publicae
308 607 399 669 cladis
418 610 544 687 insignia
558 607 659 666 luisse.
687 624 784 686 neque
802 614 901 668 tamen
920 605 1082 687 silebimus,

72 697 196 777 siquod
215 696 523 758 senatusconsultum
546 694 712 757 adulatione
736 713 846 757 novum
867 703 919 756 aut
940 696 1082 774 patientia

71 793 257 865 postremum
271 786 336 846 suit.

140 870 191 936 65.
219 873 331 933 Eodem
360 890 437 933 anno
464 871 640 935 libertorum
662 877 832 954 potissimos
855 891 968 934 veneno
991 875 1081 932 inter·
1131 893 1134 899 “

73 963 179 1023 secisse
203 963 334 1022 creditus
358 969 415 1040 est,
438 959 643 1040 Doryphorum
662 965 747 1042 quasi
766 962 952 1024 adversatum
970 962 1084 1040 nuptiis

72 1049 239 1129 Poppaeae,
262 1048 436 1130 Pallantem,
459 1049 538 1128 qood
560 1052 724 1112 inmensam
746 1054 903 1131 pecuniam
927 1050 1013 1130 longa
1039 1067 1083 1110 se·

74 1147 159 1199 necta
179 1139 333 1199 detineret.
369 1137 519 1198 Romanus
542 1141 666 1200 seeretis
690 1139 945 1201 criminationibus
967 1141 1083 1200 incusa-

74 1235 157 1288 verat
176 1226 319 1309 Seneoam
337 1234 370 1287 nt
389 1225 419 1287 C.
438 1225 554 1288 Pisonis
573 1230 699 1307 socium,
718 1229 770 1289 sed
792 1229 916 1290 validius
935 1247 952 1289 a
971 1228 1111 1288 Seneoa⁵

75 1315 179 1376 eodem
197 1317 321 1377 crimine
340 1315 495 1394 perculsus
510 1323 563 1377 est.
591 1316 669 1377 unde
684 1317 784 1378 Pisoni
802 1319 891 1377 timor
909 1325 939 1378 et
957 1323 1021 1377 orta
1039 1319 1082 1377 in·

76 1404 218 1465 sldiarnm
231 1407 262 1464 in
276 1405 424 1465 Neronem
438 1421 542 1483 magna
556 1404 648 1465 moles
663 1414 693 1467 et
706 1408 888 1484 inprospera.

146 1591 193 1661 o4‚
205 1598 237 1648 13
251 1595 366 1648 nossent
381 1596 386 1663 l
402 1592 448 1663 65,
462 1599 478 1648 5
493 1591 611 1665 socium]
626 1593 747 1649 amioum
756 1593 915 1667 Nipperdey
930 1595 936 1664 l
952 1599 967 1650 ‘l
983 1591 1032 1648 sod
1045 1594 1081 1648 ol.
