2392 3876
112 181 175 245 108
463 177 633 234 CORNELII
649 175 767 232 TACI'I'I

111 335 155 390 tot
170 335 306 406 receptos
316 329 347 387 in
361 329 481 388 iuventa
495 333 546 387 aut
560 335 675 404 spretos
690 325 865 405 triumphos,
874 326 932 385 iam
942 325 1046 384 senior
1055 342 1130 402 per-

71 431 97 472 15
111 418 304 495 egrinationis
319 414 507 476 suburbanae
521 416 608 476 inane
622 416 786 492 praemium
801 421 925 493 peteret.

177 502 230 567 48.
250 503 312 565 Sub
330 504 409 565 idem
427 512 557 583 tempus,
577 510 610 563 nt
628 521 709 562 mors
724 502 848 580 Sulpicii
862 500 979 571 Quirini
992 500 1130 579 publicis

112 594 261 672 exsequiis
280 592 535 672 frequentaretur,
553 593 657 670 petivit
676 609 691 651 a
711 598 823 651 senatu.
851 588 924 650 nibil
938 589 975 649 ad
989 596 1129 651 vaterem

112 690 141 743 et
155 683 309 761 patriciam
325 679 525 758 Sulpiciorum
540 679 677 740 lamiliam
693 678 846 749 Quirinius
860 679 1017 757 pertinuit,
1038 687 1130 740 ortus

111 769 188 847 apud
203 769 397 846 municipium
412 767 590 834 Lanuvium:
610 767 661 828 sed
681 769 807 846 impiger
821 766 943 827 militiae
958 773 987 826 et
1001 766 1129 828 acribus

85 871 96 910 ⁵
111 857 285 917 ministeriis
300 854 485 916 consulatum
501 854 556 916 sub
567 855 633 917 divo
644 856 786 936 Augusto,
800 873 868 915 mox
878 856 1054 933 expugnatis
1070 872 1129 934 per

111 943 243 1004 Ciliciam
262 943 530 1004 Homonadensium
545 943 674 1005 castellis
687 945 815 1021 insignia
829 942 973 1021 triumphi
987 943 1129 1023 adeptus,

112 1031 257 1109 datusque
275 1039 374 1092 rector
394 1030 464 1092 Gaio
484 1030 602 1093 Caesari
615 1032 784 1092 Armeniam
803 1033 950 1111 optinenti
968 1029 1128 1092 Tiberium

112 1137 229 1198 quoque
244 1119 340 1181 Rhodi
359 1127 493 1198 agentem
513 1119 652 1181 coluerat.
680 1120 759 1199 quod
778 1127 851 1180 tuuc
869 1119 1008 1198 patefecit
1026 1121 1056 1179 in
1080 1139 1128 1181 se·

112 1215 192 1288 natu,
207 1207 333 1268 laudatis
347 1210 377 1268 in
392 1226 424 1268 se
439 1208 545 1269 officiis
560 1216 590 1269 et
602 1211 737 1269 incusato
751 1207 788 1268 M.
800 1207 904 1289 Lollio,
919 1225 1007 1286 quem
1022 1216 1128 1269 aucto·

72 1312 97 1351 10
111 1312 175 1355 rem
195 1295 266 1356 Gaio
285 1295 404 1372 Caesari
425 1298 578 1376 pravitatis
598 1304 628 1358 et
646 1295 861 1358 discordiarum
884 1295 1034 1373 arguebat.
1070 1297 1128 1358 sed

112 1386 220 1445 ceteris
238 1384 316 1445 baud
336 1384 410 1446 laeta
430 1387 570 1445 memoria
590 1384 707 1455 Quirini
726 1392 789 1445 erat
807 1384 845 1445 ob
864 1386 990 1463 intenta,
1009 1391 1044 1444 ut
1062 1403 1128 1446 me·

111 1474 236 1554 moravi,
256 1472 385 1553 Lepidae
406 1474 538 1553 pericula
557 1474 765 1552 sordidamque
784 1482 814 1534 et
831 1479 1054 1552 praepotentem
1078 1492 1126 1534 se-

110 1570 235 1622 nectam.

177 1647 230 1710 49.
244 1649 317 1711 Fine
328 1651 398 1712 anni
407 1649 571 1711 Clutorium
581 1649 716 1710 Priscum
726 1651 858 1728 equitem
867 1647 1041 1729 Romanum,
1056 1659 1129 1729 post

112 1737 229 1798 celebre
248 1756 380 1816 carmen,
400 1756 458 1816 quo
473 1737 640 1799 Germanici
654 1755 791 1817 suprema
806 1737 977 1817 defleverat,
995 1741 1128 1816 pecunia

113 1825 253 1886 donatum
270 1844 285 1885 a
304 1825 442 1903 Caesare,
457 1827 602 1904 corripuit
616 1824 742 1906 delator,
756 1825 907 1907 obiectans
922 1842 1010 1903 aegro
1025 1824 1127 1887 Druso

112 1915 313 1991 composuisse
328 1914 420 1992 quod,
435 1915 461 1973 si
475 1915 622 1974 extinctus
637 1913 726 1994 soret,
748 1906 859 1974 maiore
878 1915 1008 1992 praemio
1024 1913 1127 1992 vulga·

85 2007 204 2059 aretur.
237 2000 266 2059 id
286 1999 436 2060 Clutorius
454 2002 485 2060 in
505 2001 590 2061 domo
610 2000 641 2061 P.
655 2000 800 2082 Petronii,
820 2019 908 2063 socru
928 2004 992 2062 eius
1006 2000 1127 2064 Vitellia

111 2104 210 2148 coram
224 2089 384 2167 multisque
403 2086 579 2150 inlustribus
597 2090 725 2169 leminis,
743 2108 797 2168 per
815 2090 1063 2169 vaniloquentiam
1082 2089 1126 2152 le·

111 2183 202 2254 gerat.
239 2182 273 2236 nt
292 2175 404 2237 delator
423 2178 534 2258 extitit,
559 2179 667 2238 ceteris
686 2177 721 2239 ad
741 2178 899 2240 dicendum
918 2180 1126 2240 testimonium

112 2265 275 2344 exterritis,
298 2264 359 2326 sola
382 2263 496 2325 Vitellia
520 2265 593 2326 nihil
616 2284 648 2327 se
671 2266 819 2327 audivisse
842 2266 1031 2328 adseveravit.
1069 2268 1126 2328 sed

110 2352 304 2431 arguentibus
322 2352 358 2413 ad
380 2355 543 2433 perniciem
565 2353 633 2433 plus
656 2355 726 2415 ndei
748 2355 816 2436 suit,
840 2357 1046 2433 sententiaque
1066 2354 1125 2416 Ha·

71 2458 96 2496 10
110 2443 179 2517 terii
192 2442 339 2522 Agrippae
357 2441 488 2503 consulis
507 2442 652 2522 designati
670 2442 815 2504 indictum
835 2460 886 2505 reo
902 2444 1037 2505 ultimum
1053 2461 1124 2523 sup-

110 2529 241 2609 plicinm.

177 2616 229 2681 50.
248 2619 356 2681 Contra
369 2617 416 2680 lll'.
431 2618 561 2699 Lepidus
579 2621 611 2680 in
624 2621 704 2682 hunc
718 2619 838 2680 modum
858 2637 982 2680 exorsus
997 2626 1056 2680 est:
1075 2615 1124 2701 (εἰ,

110 2716 210 2784 patres
233 2710 407 2789 conscripti,
430 2726 523 2769 unum
546 2707 575 2769 id
600 2717 780 2789 spectamus,
804 2725 892 2787 quam
915 2708 1026 2768 nefaria
1050 2726 1124 2769 voce

111 2793 261 2856 Clutorius
275 2794 395 2858 Priscus
410 2805 539 2858 mentem
554 2815 636 2858 suam
651 2804 682 2858 et
694 2814 782 2858 aures
800 2796 954 2857 hominnm
973 2795 1124 2876 polluerit,

111 2899 207 2960 neque
227 2899 329 2944 carcer
348 2902 445 2964 neque
464 2885 601 2965 laqueus,
624 2901 662 2945 ne
686 2884 808 2945 serviles
832 2884 950 2963 quidem
971 2885 1124 2946 cruciatus

85 2972 142 3030 ein
162 2988 229 3031 eum
249 2970 429 3034 suffecerint.
463 2975 510 3034 sin
529 2973 638 3051 flagitia
656 2982 687 3034 et
704 2972 834 3034 facinora
853 2975 917 3033 siue
936 2971 1023 3033 modo
1043 2980 1125 3052 sunt,

113 3058 266 3139 suppliciis
289 3076 323 3118 ac
347 3059 488 3120 remediis
511 3061 653 3139 principis
676 3060 1068 3152 moderatio-maiorumque
1093 3070 1125 3122 et

112 3157 209 3209 vestra
228 3146 360 3225 exempla
379 3154 558 3227 temperant,
578 3158 609 3209 et
627 3142 699 3209 vana
714 3168 729 3210 a
744 3149 889 3230 scelestis,
911 3149 989 3210 dicta
1004 3167 1020 3209 a
1034 3149 1123 3210 malc-

113 3236 188 3297 ficiis
198 3236 347 3309 dilicrunt,
362 3242 407 3296 est
420 3234 504 3296 locus
519 3239 691 3318 sententiae,
705 3255 759 3316 per
774 3255 861 3316 quam
876 3255 973 3316 neque
987 3237 1057 3321 huic
1072 3237 1122 3297 de·

184 3371 230 3439 48,
251 3378 266 3427 5
284 3371 345 3442 par]
367 3385 449 3440 super
464 3369 507 3423 M.
522 3369 622 3440 Haupt
638 3373 643 3439 Ι
659 3377 675 3426 e
689 3370 779 3426 Lollio
793 3369 920 3440 Lipsius:
940 3370 1008 3426 folio
1025 3374 1030 3440 Ι
1045 3372 1090 3438 te,
1106 3377 1124 3426 6

111 3440 544 3582 llegpqetiiqesqptqthllseisrbrodt
562 3443 648 3511 (apud
665 3441 827 3508 mitterem,
846 3443 881 3509 cf.
902 3447 927 3510 1,
946 3446 990 3510 10,
1005 3446 1040 3497 31
1056 3444 1060 3510 Ι
1076 3441 1122 3508 50,
