2392 3876
120 171 185 234 222
469 173 637 229 CORNELII
654 173 769 228 TACITI

120 322 259 384 Claudius
277 323 353 386 ultra
375 331 544 404 exspectato
558 323 662 385 obvius
676 324 754 403 apud
770 324 865 384 lorum
879 323 1002 402 praebet
1017 343 1048 384 se
1065 342 1132 403 gra-

89 432 105 474 3
119 410 258 492 tentibus,
274 421 466 492 senatumque
481 416 633 491 ingressus
644 414 796 474 decretum
811 413 948 492 postulat,
964 431 1022 491 quo
1032 416 1132 474 iustae
1188 443 1192 450 ·

119 502 197 561 inter
211 509 332 579 patruos
343 503 527 580 fratrumque
536 501 611 561 filias
621 503 741 580 nuptiae
752 503 839 561 etiam
854 503 885 561 in
900 509 1054 578 posterum
1071 510 1130 563 sta·

118 597 282 650 tuerentur.
311 608 365 650 neo
380 598 478 651 tamen
491 599 629 668 repertus
644 598 689 650 est
703 591 761 650 nisi
775 608 852 651 unus
868 588 935 650 talis
945 592 1131 650 matrimonii

118 680 247 758 cupitor,
271 678 402 739 Alledius
427 679 553 739 Severus
578 696 669 757 eques
692 677 855 759 Romanus,
879 696 967 757 quem
989 677 1130 758 plerique

118 767 295 845 Agrippinae
323 769 416 845 gratia
443 767 593 846 inpulsum
620 766 763 829 serebant.
799 785 883 827 versa
909 785 944 827 ex
968 785 1003 827 eo
1022 768 1130 829 civitas

77 880 103 918 10
118 863 147 915 et
162 863 268 916 cuncta
283 855 407 916 lemicae
422 854 629 936 oboediebant,
648 874 708 916 non
726 875 780 934 per
794 856 951 936 lasciviam,
970 863 1003 916 ut
1017 853 1129 916 Messa·

117 943 184 1024 lina,
199 944 288 1003 rebus
303 942 442 1004 Romanis
456 943 609 1005 inludenti.
638 943 798 1005 adductum
818 953 850 1013 et
866 947 951 1027 quasi
965 943 1048 1004 virile
1065 962 1129 1005 ser·

116 1033 233 1092 vitium:
251 1031 346 1110 palam
366 1034 507 1093 severitas
526 1051 559 1094 ac
578 1036 695 1111 saepius
714 1033 865 1113 superbia3
888 1032 962 1093 nihil
980 1032 1061 1093 domi
1082 1035 1128 1093 in-

115 1120 269 1200 pudicum,
288 1122 347 1181 nisi
365 1121 557 1182 dominationi
575 1122 736 1200 expediret.
771 1122 884 1204 cupido,
898 1123 962 1181 auri
981 1122 1129 1182 immensa

117 1207 270 1270 obtentum
285 1208 419 1290 habebat,
434 1212 518 1289 quasi
533 1210 697 1270 subsidium
713 1228 804 1289 regno
818 1218 981 1289 pararetur.

184 1294 212 1359 8.
231 1297 283 1358 Die
298 1301 467 1378 nuptiarum
482 1299 599 1359 Silanus
614 1306 738 1359 mortem
753 1299 811 1359 sibi
829 1300 986 1378 conscivit,
1008 1300 1070 1359 sive
1090 1317 1128 1359 eo

116 1405 210 1466 usque
225 1405 307 1466 spem
327 1390 403 1448 vitae
421 1387 613 1469 produxerat,
632 1406 685 1448 seu
707 1387 820 1448 delecto
839 1387 887 1448 die
906 1386 1070 1466 augendam
1089 1389 1126 1448 ad

116 1475 262 1536 invidiam.
295 1475 412 1538 Calvina
432 1495 517 1537 soror
535 1479 599 1537 eius
618 1476 699 1537 ltalia
717 1475 802 1555 pulsa
821 1483 874 1536 est.
908 1474 1020 1536 addidit
1039 1473 1126 1535 Clau·

115 1565 182 1626 dius
211 1583 292 1624 sacra
317 1584 352 1626 ex
380 1565 495 1641 legibus
517 1564 596 1625 Tulli
618 1567 696 1643 regis
725 1565 898 1644 piaculaque
922 1563 998 1642 apud
1022 1563 1126 1624 luctum

88 1653 222 1715 allianae
251 1671 305 1732 per
332 1655 487 1732 pontifices
515 1653 622 1735 danda,
655 1653 852 1726 inridentibus
872 1653 1010 1734 cunctis,
1044 1653 1126 1731 quod

114 1759 226 1820 poenae
245 1745 529 1822 procurationesque
547 1743 654 1803 incesti
673 1742 702 1803 id
721 1745 864 1821 temporis
885 1743 1125 1821 exquirerentur.

31 1849 33 1853 ·
115 1839 144 1891 31
158 1831 326 1911 Agrippina,
341 1849 378 1891 ne
392 1831 476 1892 malis
490 1838 604 1892 tantum
618 1830 800 1892 facinoribus
814 1838 990 1910 notesceret,
1007 1832 1124 1890 veniam

115 1919 194 1979 exilii
208 1938 262 1998 pro
277 1920 396 1981 Annaeo
411 1919 535 1999 Seneca,
555 1919 642 1980 simul
655 1927 825 1998 praeturam
842 1921 994 2000 impetrat,
1012 1916 1123 1978 laetum

114 2009 144 2068 in
159 2007 311 2085 publicum
326 2018 389 2069 1313
403 2008 440 2069 01)
455 2007 661 2068 claritudinem
675 2008 841 2069 studiorum
861 2011 938 2088 eius,
959 2014 1052 2085 utque
1067 2006 1123 2067 llo·

75 2098 190 2157 remitit
213 2099 340 2175 pueritia
360 2096 411 2158 tali
430 2098 570 2176 magistro
589 2096 771 2158 adolesceret
790 2104 819 2157 et
838 2097 969 2158 consiliis
988 2096 1123 2156 eiusdem

114 2185 148 2246 ad
165 2204 247 2264 spem
262 2185 470 2246 dominationis
484 2191 649 2265 uterentur,
671 2187 739 2265 qnia
755 2185 867 2246 Seneca
881 2185 958 2246 lidus
972 2186 1004 2244 in
1017 2184 1123 2264 Agrip-

113 2276 212 2352 pinam
231 2276 371 2335 memoria
390 2273 527 2335 beneficii
546 2281 575 2334 et
594 2274 728 2334 inlensus
742 2273 864 2335 Claudio
878 2274 979 2335 dolore
993 2273 1122 2333 iniuriae

5 2376 26 2389 ““
114 2363 299 2424 credebatur.

180 2449 208 2513 9.
231 2453 375 2513 Placitum
395 2452 502 2512 dehine
521 2470 580 2513 non
599 2451 676 2512 ultra
696 2453 841 2532 cunctari,
864 2453 914 2512 sed
934 2452 1122 2529 designatum

113 2539 264 2603 consulem
274 2541 444 2602 Memmium
453 2540 615 2602 Pollionem
628 2540 797 2619 ingentibus
807 2541 960 2619 promissis
974 2539 1123 2601 inducunt

113 2632 288 2692 sententiam
313 2648 498 2710 expromere,
529 2647 587 2709 qua
610 2636 746 2690 oraretur
769 2628 907 2690 Claudius
935 2628 1121 2706 despondere

112 2716 262 2779 Octaviam
280 2718 420 2800 Domitio,
444 2718 522 2798 quod
546 2719 635 2779 aetati
656 2719 813 2797 utriusque
832 2735 891 2778 non
910 2716 1071 2779 absurdum
1091 2726 1124 2777 et

86 2808 222 2866 ornaiora
241 2808 457 2885 patefacturum
477 2814 548 2869 erat.
583 2806 674 2867 Pollio
692 2805 771 2867 haud
790 2805 959 2884 disparibus
972 2804 1071 2866 verbis
1086 2824 1121 2866 30

112 2913 207 2974 nuper
230 2893 364 2956 Vitellius
387 2904 501 2973 censet3
530 2894 788 2974 despondeturque
811 2894 944 2976 Octavia,
971 2912 1005 2955 30
1029 2912 1122 2972 super

111 2986 241 3063 priorem
272 2985 522 3045 necessitudinem
553 3001 680 3063 sponsus
711 2986 769 3044 iam
799 2992 828 3044 et
855 3002 947 3063 gener
974 2982 1122 3044 Domitius

112 3075 232 3153 aequari
246 3072 414 3134 Britannico
430 3073 536 3134 studiis
550 3074 666 3152 matris,
686 3080 749 3133 arte
764 3091 880 3153 eorum,
899 3074 966 3152 quis
980 3071 1018 3132 ob
1033 3090 1120 3133 accu-

112 3171 203 3224 satam
219 3160 404 3222 Messalinam
419 3162 492 3223 ultio
508 3181 543 3222 ex
558 3161 618 3221 silio
632 3161 800 3223 timebatur.

181 3249 229 3313 10.
244 3250 301 3311 Per
310 3250 388 3311 idem
403 3258 520 3329 tempus
534 3250 622 3329 legati
633 3249 807 3311 Parthorum
819 3249 854 3311 ad
865 3250 1071 3330 expetendum,
1087 3261 1123 3311 ut

183 3458 207 3523 1,
225 3466 239 3513 7
258 3460 419 3528 recepturus
435 3460 440 3528 Ι
456 3464 472 3514 8
486 3454 627 3525 canonius,
647 3473 693 3513 ern.
704 3458 795 3514 Recto
805 3456 844 3525 (T.
856 3456 983 3512 Alledius
993 3455 1122 3525 Lipsius)

113 3527 116 3587 l
133 3527 185 3591 8st
207 3528 242 3581 ad
262 3529 427 3598 agrippinae
444 3535 448 3593 l
466 3535 497 3583 11
512 3527 636 3568 „tamam
656 3529 687 3580 ⁰⁷.
725 3530 743 3568 (1
767 3527 844 3582 8⁸²⁴
862 3529 905 3568 sul
929 3532 934 3548 ¹
950 3525 1120 3585 11ηέ1ἱο1111.
