2392 3876
286 183 334 237 AB
353 182 514 239 EXCESSU
531 182 688 239 AUGUSTI
705 183 751 240 IV.
772 191 884 240 36-40.
1018 184 1081 249 143

72 337 102 393 in
124 335 230 393 animis
247 335 354 393 vestris
373 331 495 412 templa,
513 331 568 392 hae
586 332 804 412 pulcherrimae
823 333 936 412 effigies
954 340 984 395 et
1001 351 1081 395 man·

73 440 168 482 surae.
196 440 263 482 nam
278 440 352 501 quae
367 439 437 481 saxo
452 427 623 501 struuntur,
643 423 668 480 si
686 421 830 483 iudicium
848 424 1081 500 posterorumin

74 511 173 571 odium
187 512 287 590 vertit,
308 528 364 589 pro
379 508 545 588 sepulchris
559 518 749 588 spernuntur.
782 511 907 589 proinde
926 512 1023 571 socios
1042 512 1082 570 ci-

73 617 123 659 ves
142 606 172 660 et
191 599 261 660 deos
281 601 362 677 ipsos
379 616 499 677 precor,
522 597 577 658 hos
595 604 629 658 ut
647 598 721 657 mibi
738 598 774 659 ad
793 598 882 658 linem
895 617 992 678 usque
1005 600 1081 658 vitae
1096 611 1122 652 10

55 761 59 767 ι
73 690 201 766 quietam
210 695 239 747 et
247 687 464 765 intellegentem
475 686 597 747 humani
606 687 756 766 divinique
767 688 841 747 iuris
850 696 980 748 mentem
988 688 1081 768 duint,

71 776 137 837 illos
151 784 197 855 ut,
217 776 392 855 quandoque
411 792 600 854 concessero,
620 792 688 835 cum
703 775 789 836 laude
803 783 834 836 et
846 774 932 836 bonis
945 776 1081 836 recorda·

72 864 204 925 tionibus
219 864 294 924 iacta
309 872 397 942 atque
412 863 519 923 famam
532 865 660 924 nominis
674 865 734 924 mei
747 860 987 943 prosequantur?
1015 882 1082 943 per·

73 956 208 1030 stititque
228 951 352 1030 posthac
372 953 496 1011 secretis
514 953 603 1012 etiam
621 951 809 1013 sermonibus
827 954 980 1031 aspernari
993 951 1082 1012 talem

74 1043 121 1100 sui
136 1039 257 1101 cultum.
285 1039 364 1118 quod
378 1038 428 1100 alii
441 1039 622 1120 modestiam,
642 1039 736 1121 multi,
754 1042 823 1120 quia
842 1040 998 1121 diffideret,
1017 1043 1121 1120 qui-1⁶

74 1129 140 1188 dam
159 1136 192 1189 ut
210 1128 366 1207 degeneris
384 1129 474 1188 animi
496 1128 777 1207 interpretabantur.
813 1136 950 1208 optumos
971 1132 1081 1208 quippe

72 1216 241 1278 mortalium
260 1216 401 1277 altissima
419 1235 543 1296 cupere:
562 1218 605 1276 sic
619 1216 777 1277 Herculem
797 1224 827 1277 et
844 1216 985 1278 Liberum
1003 1217 1082 1295 apud

72 1305 213 1386 GraecoS,
233 1305 390 1375 Quirinum
409 1305 487 1384 apud
505 1322 561 1364 nos
580 1305 669 1365 deum
688 1323 811 1365 numero
826 1305 955 1367 additos:
975 1306 1082 1366 melius

74 1395 248 1473 Augustum,
267 1397 319 1472 qui
333 1395 504 1470 speraverit.
539 1400 638 1453 cetera
650 1392 837 1471 principibus
852 1396 951 1453 statim
965 1394 1081 1455 adesse:

74 1499 167 1540 unum
177 1481 383 1541 insatiabiliter
392 1480 564 1560 parandum,
578 1497 751 1559 prosperam
760 1482 806 1540 sui
815 1483 1000 1561 memoriam3
1014 1499 1082 1540 nam
1096 1492 1123 1532 20

74 1576 246 1647 contemptu
261 1569 353 1629 lamae
368 1571 518 1629 contemni
532 1570 666 1628 virtutes.

141 1654 192 1718 39.
217 1657 253 1717 At
268 1656 392 1717 Seianus
407 1659 497 1716 nimia
515 1657 633 1717 fortuna
648 1675 750 1717 socors
764 1664 795 1717 et
808 1656 946 1718 muliebri
960 1659 1083 1735 insuper

74 1745 213 1825 cupidine
227 1747 375 1824 incensus,
395 1747 574 1823 promissum
590 1747 809 1806 matrimonium
827 1745 977 1824 flagitante
992 1744 1082 1826 Livia,

74 1837 225 1914 componit
247 1833 284 1895 ad
307 1833 462 1895 Caesarem
485 1833 648 1895 codicillos:
675 1837 767 1895 moris
794 1836 904 1915 quippe
928 1842 991 1895 tum
1019 1841 1083 1894 erat

73 1941 251 2003 quamquam
274 1931 462 2001 praesentem
485 1925 595 2001 scripto
614 1923 704 1984 adire.
737 1925 801 1985 eius
815 1923 882 1985 talis
900 1924 994 1984 lorma
1013 1922 1082 1983 luit:
1117 1941 1122 1948 ’

72 2012 277 2073 benevolentia
295 2013 389 2090 patris
402 2011 528 2089 Augusti
547 2020 578 2072 et
595 2029 663 2072 mox
682 2011 817 2091 plurimis
832 2011 945 2073 Tiberii
963 2011 1108 2073 iudiciis⁵

73 2104 113 2161 ita
128 2103 305 2182 insuevisse,
324 2108 358 2161 ut
377 2117 446 2178 spes
464 2109 590 2179 votaque
609 2118 662 2162 sua
681 2118 740 2161 non
759 2103 842 2179 prius
857 2101 893 2161 ad
908 2101 979 2162 deos
994 2118 1082 2180 quam

73 2189 110 2250 ad
124 2191 291 2268 principum
305 2206 393 2250 aures
407 2189 564 2250 conferret.
592 2207 688 2269 neque
703 2188 847 2268 fulgorem
862 2189 1008 2250 bonorum
1019 2207 1082 2249 um·

74 2295 163 2357 quam
181 2284 347 2356 precatum:
370 2277 509 2338 excubias
528 2296 562 2339 ac
581 2276 710 2358 labores,
730 2285 765 2339 ut
782 2297 875 2339 unrrm
894 2297 910 2339 e
928 2278 1082 2356 militibus,

73 2383 128 2445 pro
145 2365 345 2426 incolumitate
360 2367 547 2445 imperatoris
561 2365 655 2427 malle.
687 2384 721 2428 ac
735 2373 832 2427 tamen
852 2367 930 2446 quod
945 2365 1081 2446 pulcher·

73 2457 182 2515 rimum
196 2454 344 2534 adeptum,
359 2462 393 2515 ut
406 2455 614 2514 coniunctione
625 2452 758 2514 Caesaris
773 2455 880 2534 dignus
895 2454 1082 2515 crederetur:
1096 2465 1122 2505 1⁰

74 2543 143 2603 hinc
162 2545 280 2603 initium
302 2545 373 2620 spei.
402 2550 431 2602 et
446 2544 585 2621 quoniam
599 2542 745 2602 audiverit
759 2542 924 2621 Augustum
939 2544 970 2601 in
984 2541 1082 2601 conlo·

74 2630 167 2691 canda
190 2629 250 2688 lilia
271 2647 332 2689 non
355 2628 429 2689 nihil
448 2631 536 2688 etiam
557 2628 593 2689 de
613 2629 763 2708 equitibus
778 2631 917 2690 Romanis
937 2628 1082 2690 consulta·
1159 2647 1160 2650 ¹

74 2720 167 2795 visse,
185 2719 239 2794 ita,
260 2719 286 2775 si
305 2718 428 2776 maritus
447 2715 545 2776 Liviae
564 2724 771 2798 quaereretur,
794 2716 916 2779 haberet
934 2719 965 2779 in
985 2720 1082 2778 animo

75 2806 202 2865 amicum
218 2802 277 2863 sola
292 2803 520 2865 necessitudinis
534 2804 625 2883 gloria
640 2822 774 2866 usurum.
806 2823 865 2866 non
880 2809 959 2867 enim
972 2825 1081 2868 exuere

74 2894 202 2973 inposita
216 2894 328 2953 munia:
344 2894 414 2953 satis
428 2894 583 2954 aestimare
598 2894 710 2954 firmari
723 2894 842 2955 domum
857 2895 1011 2957 adversum
1027 2898 1081 2956 ini·
1097 2905 1121 2946 1⁵

74 3000 148 3063 quas
172 2982 349 3060 Agrippinae
377 2982 566 3062 offensiones,
590 2982 679 3062 idque
702 2981 863 3045 liberorum
887 3003 987 3065 causa3
1015 3002 1083 3044 nam

73 3071 131 3132 sibi
146 3070 271 3131 multum
286 3088 436 3151 superque
449 3072 525 3132 vitae
544 3072 621 3151 lore,
640 3072 719 3151 quod
740 3071 789 3134 tali
804 3091 871 3134 cum
885 3076 1019 3153 principe
1035 3091 1083 3132 ex-

72 3161 220 3240 plevisset.
535 3227 540 3234 ,

135 3246 187 3309 40.
205 3248 250 3309 Ad
264 3266 298 3309 ea
313 3248 450 3314 Tiberius
465 3248 580 3310 laudata
594 3250 703 3327 pietate
719 3249 818 3311 Seiani
832 3253 954 3329 suisque
969 3251 1000 3309 in
1014 3266 1082 3309 eum

144 3453 191 3522 88,
209 3459 227 3510 8
253 3457 428 3524 posterorum
448 3455 611 3511 Rhenanus:
635 3454 824 3580 posteriorum
839 3454 844 3524 Ι
862 3460 894 3509 10
914 3453 980 3508 deos
1005 3451 1081 3523 ipsos

73 3523 210 3581 Picbeuc:
230 3525 346 3617 deeset
365 3516 432 3582 deos
451 3526 528 3596 ipsos
548 3532 564 3581 1
582 3543 616 3584 m.
656 3543 703 3582 eos
723 3527 752 3580 eb
769 3525 837 3579 deae
855 3523 932 3594 ipses
951 3530 970 3582 2
989 3542 1023 3580 m.
