2392 3876
115 162 156 226 88
465 159 769 216 eonnnnnrncrm

111 309 256 390 petendae
271 327 288 369 e
301 308 409 369 Pisone
423 308 545 369 ultionis
559 317 589 370 et
603 308 708 370 crebro
728 318 849 391 questu,
869 312 949 390 quod
969 333 1066 394 vagus
1089 320 1134 380 in-

112 401 200 460 terim
218 416 272 477 per
291 416 413 459 amoena
426 397 512 457 Asiae
530 405 619 476 atque
632 396 759 459 Achaiae
778 399 932 478 adroganti
950 411 982 463 et
1000 404 1134 468 subdola

85 501 194 549 smora
208 486 355 550 scelernm
375 486 566 565 probationes
580 485 775 547 subverteret.
803 505 871 548 nam
890 488 1045 568 vulgatum
1065 505 1134 558 erat

112 579 243 656 missam,
262 583 297 636 ut
314 575 388 655 dixi,
408 593 424 635 a
443 573 494 635 Cn
514 573 616 634 Sentio
636 575 776 635 famosam
797 578 948 638 veneficiis
965 579 1132 646 Martinam

112 666 209 728 subita
223 672 319 725 morte
332 663 485 723 Brundisii
498 665 666 766 extinctam,
681 681 887 744 venenumque
893 665 979 729 modo
994 672 1159 771 crinium,
1140 700 1176 791 ,L

111 757 176 816 eius
200 752 392 831 occultatum,
420 769 475 812 nec
500 751 590 812 ulla'
582 770 614 812 m
636 768 761 831 corpore
789 755 873 832 signa
901 759 1014 834 sumpti
1043 763 1132 823 exitii

111 851 238 922 reperta.

178 928 208 991 8.
230 929 268 989 it
285 928 353 988 Piso
377 930 539 1006 praemisso
558 931 589 989 in
608 928 713 989 urbem
732 929 792 989 filio
811 930 947 1010 datisque
967 936 1131 1019 mandatis,

109 1037 165 1098 per
180 1035 254 1097 qnae
269 1019 435 1095 principem
450 1016 590 1097 molliret,
610 1017 645 1077 ad
661 1017 790 1078 Drusum
809 1022 920 1100 pergit,
940 1039 1030 1099 quem
1044 1023 1130 1087 baud

111 1107 211 1167 fratris
229 1107 353 1166 interitu
371 1113 487 1165 trucem
506 1122 594 1184 quam
611 1113 726 1166 remoto
745 1107 860 1167 aemulo
879 1111 1053 1187 aequiorem
1070 1115 1131 1176 sibi

111 1194 257 1275 sperabat.
285 1192 423 1254 'liberius
438 1211 497 1273 quo
512 1196 660 1272 integrum
679 1195 823 1256 iudicium
842 1205 1019 1279 ostentaret,
1038 1219 1130 1264 exce-

84 1292 195 1364 optnm
214 1284 339 1345 comiter
356 1284 494 1343 iuvenem
513 1290 687 1362 suetaerga
707 1282 784 1344 filios
807 1284 984 1346 familiarum
1008 1289 1130 1352 nobiles

110 1372 285 1435 liberalitate
304 1379 399 1451 auget.
436 1371 551 1432 Drusus
570 1371 684 1452 Pisoni,
703 1374 729 1432 si
747 1391 816 1433 vera
834 1373 933 1434 forent
952 1392 1028 1453 qnae
1048 1380 1129 1440 iace·

110 1472 224 1544 rentur,
247 1464 441 1540 praecipuum
464 1463 495 1522 in
519 1461 620 1521 dolore
644 1479 731 1521 suum
754 1461 852 1522 locum
873 1464 1041 1542 respondit:
1073 1471 1129 1530 sed

109 1553 196 1613 malle
215 1552 286 1613 falsa
305 1560 335 1612 et
352 1552 451 1611 inania
470 1568 525 1611 nec
544 1552 682 1629 cuiquam
697 1558 822 1610 mortem
836 1551 1005 1612 Germanici
1020 1557 1129 1618 exitio·

111 1661 172 1702 sam
191 1660 264 1702 esse.
299 1640 372 1700 baec
389 1638 486 1717 palam
505 1647 535 1699 et
552 1641 643 1699 vitato
662 1640 742 1698 omni
764 1647 893 1719 secret03
916 1659 1014 1720 neque
1038 1643 1129 1706 dubi·

68 1731 248 1792 rotabantur
267 1729 450 1807 praescripta
469 1729 497 1786 ei
515 1745 532 1787 a
550 1726 682 1807 Tiberio,
702 1744 770 1787 cum
786 1727 944 1789 incallidus
963 1729 1077 1811 alioqui
1097 1744 1129 1796 et

109 1820 203 1881 facilis
217 1821 337 1877 iuventa
351 1814 495 1875 senilibus
509 1823 573 1876 tum
587 1814 701 1876 artibus
716 1823 861 1876 uteretur.

176 1904 205 1966 9.
228 1905 295 1964 Piso
313 1902 475 1964 Delmatico
493 1907 568 1964 mari
587 1906 724 1964 tramisso
743 1904 916 1985 relictisque
934 1907 1013 1986 apud
1028 1909 1127 1972 Anco-

109 2012 177 2055 nam
191 1992 315 2053 navibus
329 2009 383 2070 per
397 1991 539 2053 Picenum
552 2012 587 2055 ac
601 2011 669 2054 mox
679 1992 851 2053 Flaminiam
861 1997 937 2055 viam
946 1996 1128 2076 adsequitur

109 2083 264 2162 legionem,
283 2099 358 2159 quae
373 2098 389 2140 e
403 2080 553 2142 Pannonia
571 2084 602 2143 in
618 2081 736 2162 urbem,
755 2083 823 2142 dein
842 2084 990 2162 praesidio
1004 2086 1127 2150 Africae

110 2170 286 2231 ducebatur:
306 2188 398 2249 eaque
412 2188 461 2231 res
476 2173 583 2249 agitata
597 2169 777 2253 rumoribus,
795 2174 878 2232 utin
897 2175 1013 2251 agmine
1032 2183 1126 2255 atque

82 2275 95 2316 s
109 2263 216 2321 itinere
231 2258 336 2319 crebro
352 2278 383 2320 se
398 2259 542 2321 militibus
556 2262 771 2320 ostentavisset.
804 2259 840 2321 ab
854 2260 972 2342 Narnia,
985 2264 1126 2327 vitandae
1151 2280 1152 2283 ’

56 2396 61 2401 .
110 2350 288 2428 suspicionis
303 2367 339 2408 an
355 2351 423 2428 quia
437 2349 550 2426 pavidis
565 2348 686 2409 consilia
705 2350 736 2408 in
755 2349 870 2409 incerto
889 2357 971 2430 sunt,
990 2351 1068 2412 Nare
1088 2372 1125 2416 ac

109 2457 176 2499 mox
196 2437 297 2498 Tiberi
320 2437 460 2499 devectus
484 2439 565 2498 auxit
587 2436 668 2515 vulgi
690 2439 763 2517 iras,
787 2440 855 2516 quia
878 2456 982 2499 navem
1005 2443 1125 2502 tumulo

109 2528 267 2590 Caesarum
287 2527 440 2631 adpulerat
459 2525 565 2605 dieque
587 2534 616 2587 et
634 2528 699 2605 ripa
719 2525 882 2605 frequenti,
905 2545 1011 2606 magno
1029 2529 1124 2591 elien-

108 2620 183 2677 tinm
198 2620 313 2695 agmine
328 2619 405 2696 ipse,
424 2615 599 2676 feminarum
615 2617 755 2676 comitatu
769 2613 908 2675 Plancina
922 2624 953 2676 et
966 2616 1050 2677 vultu
1064 2617 1123 2679 ala·

69 2719 96 2759 ro
110 2722 176 2766 eres
199 2709 357 2765 incessere.
391 2705 447 2764 fuit
470 2705 549 2764 inter
572 2698 760 2764 inritamenta
781 2703 908 2764 invidiae
927 2704 1032 2766 domus
1056 2706 1123 2768 foro

109 2794 257 2853 inminens
272 2793 346 2852 festa
361 2802 468 2853 ornatu
483 2793 709 2871 conviviumque
728 2799 758 2852 et
777 2791 880 2870 epulae
900 2801 930 2852 et
948 2792 1123 2856 celebritate

108 2880 166 2940 loci
181 2879 254 2940 nibil
269 2880 428 2942 occultum.
1046 2913 1050 2921 ·

178 2966 227 3029 10
253 2968 374 3029 Postera
393 2970 441 3030 die
459 2969 612 3031 fulcinius
631 2968 702 3030 Trio
720 2969 858 3029 Pisonem
881 2970 959 3047 apud
983 2973 1124 3034 consules

109 3057 275 3136 postulavit
309 3064 412 3117 contra
430 3057 565 3118 Vitellius
583 3076 617 3119 ac
635 3056 779 3118 Veranius
799 3059 950 3137 ceterique
970 3057 1123 3121 Germani-

90 3216 92 3220 ·
111 3165 178 3208 cum
193 3147 325 3209 comitati
339 3145 512 3228 tendebant,
531 3146 627 3208 nullas
645 3165 710 3208 esse
729 3149 823 3225 partis
837 3146 953 3227 Trioni,
972 3166 1069 3227 neque
1089 3167 1122 3210 se
1175 3191 1176 3196 η

110 3243 310 3316 accusatores,
330 3234 386 3299 sed
401 3252 502 3295 rernm
520 3236 634 3298 indices
653 3244 683 3297 et
697 3243 789 3297 testes
802 3235 938 3296 mandata
953 3235 1130 3299 Germanici·

181 3441 206 3509 8,
229 3448 262 3496 10
280 3440 307 3496 ei
325 3442 454 3512 Lipsius.
473 3441 503 3496 et
518 3443 564 3512 lb,
580 3442 689 3498 edeln-
708 3441 774 3497 inde
793 3441 890 3497 erm
908 3442 966 3497 coll
981 3445 1008 3509 2,
1023 3445 1068 3509 68,
1083 3443 1120 3514 21

110 3519 126 3570 6
146 3511 300 3582 suspicioni
320 3515 444 3569 Picbena
459 3515 463 3584 Ι
481 3520 512 3568 11
533 3513 588 3568 fest
575 3515 605 3568 to
624 3516 739 3585 Lipsius
