2392 3876
109 177 153 239 42
460 174 630 230 CORNELII
648 174 768 230 uaciri

71 336 96 377 1⁵
110 330 304 404 sectarentur,
323 331 353 385 et
367 325 563 403 spectantium
578 322 795 383 immodestiam
808 321 896 382 exilio
910 323 1054 384 multandi
1068 344 1119 403 po-

110 420 201 473 testas
215 413 404 490 praetoribus
419 413 512 472 fieret.

178 498 229 563 78.
248 501 402 580 Templum
422 508 456 560 ut
473 501 505 560 iu
522 498 638 560 colonia
649 497 865 560 Tarraconensi
879 508 1047 564 sinuaretur
1061 503 1118 560 An-

110 597 197 668 gusto
216 589 388 669 petentibus
406 587 544 667 Hispanis
562 588 757 669 permissum,
778 588 937 668 datumque
961 591 992 649 in
1015 607 1118 649 omnes

109 679 277 757 provincias
286 675 461 755 exemplum.
484 677 676 736 centesimam
685 694 789 737 rerum
802 678 947 738 venalium
961 685 1029 756 post
1043 677 1118 737 bella

111 766 207 827 civilia
226 768 391 826 institutam
410 764 588 843 deprecante
607 764 716 844 populo
735 766 827 826 edixit
840 766 982 827 Tiberius-
993 764 1117 826 militare

83 856 256 915 sacrarium
271 871 306 913 eo
321 852 452 914 subsidio
462 853 534 933 niti,
545 852 633 914 simul
643 856 880 933 imparemoneri
889 869 952 915 rem
961 854 1118 934 publicam,

110 943 169 1003 nisi
181 943 342 1002 vicensimo
356 940 477 1002 militiae
491 959 567 1005 anuo
577 945 710 1003 veterani
719 942 950 1004 dimitterentur,
971 945 1012 1004 ita
1022 945 1118 1021 proxi-

109 1048 175 1090 mae
194 1029 350 1091 seditionis
368 1031 443 1090 male
462 1029 609 1111 consulta,
628 1031 736 1110 qrribus
755 1031 885 1092 sedecim
903 1032 1117 1110 stipendiorum

110 1120 199 1180 finam
214 1126 436 1198 expresserant,
450 1117 557 1179 abolita
572 1120 602 1179 in
617 1127 777 1198 posterum.

176 1202 227 1268 79.
246 1207 352 1268 rictum
371 1207 478 1268 deinde
491 1209 524 1267 in
538 1215 643 1269 sectatu
657 1207 695 1268 ab
707 1208 848 1268 Arruntio
863 1214 895 1268 et
907 1208 1005 1287 ticio,
1024 1225 1061 1268 an
1081 1208 1118 1267 ob

109 1295 305 1356 moderandas
320 1295 437 1357 Tiberis
451 1296 668 1357 exundationes
682 1303 872 1357 retinentur
888 1295 1009 1356 ilumina
1031 1304 1060 1356 ei
1079 1295 1117 1354 la·

109 1402 241 1467 cus,per
255 1401 330 1464 quos
344 1386 493 1465 augescii5⁴
508 1384 684 1464 auditaeque
703 1385 933 1462 municipiorum
948 1391 978 1444 et
992 1384 1117 1445 colonia-

108 1473 368 1555 rumlegationes,
385 1473 538 1534 orantibus
553 1471 745 1554 Florentinis,
764 1490 805 1533 ne
816 1472 915 1534 Clanis
934 1471 1021 1533 solito
1036 1472 1117 1532 alveo

82 1573 95 1613 ⁵
109 1562 245 1624 demotus
254 1564 286 1623 in
296 1579 410 1624 amnem
421 1561 533 1623 braum
542 1562 755 1623 transferretur
764 1561 858 1641 iduum
868 1562 942 1640 ipsis
955 1563 1118 1640 perniciem

109 1652 247 1713 adferret.
282 1652 475 1731 congruentia
495 1650 541 1710 his
559 1649 772 1711 interamnates
791 1651 973 1711 disseruere:
997 1668 1118 1728 pessum

108 1741 205 1801 ituros
223 1740 450 1801 fecundissimos
468 1736 568 1798 ltaliae
587 1757 720 1818 campos,
739 1741 765 1798 si
783 1740 878 1800 anmis
896 1738 956 1799 Nar
975 1733 1020 1821 (id
1039 1741 1116 1798 enim

108 1821 282 1909 parabatur)
299 1829 330 1887 in
350 1828 429 1887 rivos
448 1825 587 1886 diductus
607 1829 899 1904 superstagnavisset.
932 1844 988 1888 nec
1002 1826 1118 1887 Reatini

109 1914 248 1995 silebant,
266 1913 401 1974 Velinum
420 1913 524 1993 lacum,
547 1931 606 1992 qua
624 1916 655 1974 iu
673 1913 780 1974 Narem
803 1914 979 1996 effunditur,
1002 1915 1118 1975 obstrui

69 2015 95 2054 10
109 2008 294 2080 recusantes,
314 2004 424 2081 quippe
443 2003 477 2061 in
492 2001 660 2062 adiacentia
674 2008 864 2082 erupturum3
887 2011 1008 2082 optume
1026 2003 1117 2063 rebus

108 2090 276 2151 mortalium
286 2089 472 2151 cousuluisse
482 2097 629 2170 naturam,
640 2105 716 2169 quae
726 2107 779 2151 sua
790 2108 840 2152 ora
852 2090 1032 2172 fluminibus,
1047 2110 1116 2153 suos

108 2197 216 2240 cursus
236 2185 328 2257 utque
351 2180 507 2258 originem,
531 2180 571 2238 iia
593 2179 667 2239 finos
688 2179 817 2260 dederii3
836 2181 1009 2259 spectandas
1029 2183 1116 2240 etiam
1139 2256 1143 2265 Ι

108 2268 266 2346 religiones
285 2267 447 2348 sociorum,
466 2269 518 2347 qni
537 2280 619 2328 sacra
639 2273 669 2328 et
687 2261 774 2329 lei'ras
785 2275 814 2329 et
828 2286 893 2329 aras
907 2271 1011 2347 patriis
1025 2271 1116 2328 arnni-

107 2356 164 2417 bus
179 2355 354 2416 dicaverint:
369 2357 440 2434 quin
455 2357 552 2434 ipsum
567 2354 697 2417 Tiberim
711 2355 789 2417 nolle
803 2375 927 2436 prorsus
941 2356 1048 2417 accolis
1063 2356 1116 2416 lin·

69 2455 94 2496 1⁵
108 2446 163 2505 viis
187 2443 326 2504 orbatum
347 2446 461 2504 minore
485 2444 577 2522 gloria
600 2444 702 2506 liuere.
739 2460 792 2506 seu
810 2462 917 2524 preces
934 2444 1115 2505 coloniarum

109 2552 162 2594 seu
177 2533 339 2595 diliicultas
349 2546 473 2612 operum
488 2535 549 2594 sive
559 2535 731 2612 superstitio
741 2532 841 2613 valuit,
855 2539 889 2594 ut
898 2533 1115 2593 insanientium

112 2624 167 2682 Cre*
177 2623 295 2683 Pisonis
309 2621 533 2700 concederetur,
548 2625 600 2700 qui
614 2622 657 2682 nil
669 2622 844 2683 mutandum
857 2628 1022 2682 censuerat.

174 2707 225 2771 80.
250 2709 432 2788 Prorogatur
454 2709 590 2789 Poppaeo
614 2710 723 2771 Sabino
748 2713 898 2790 provincia
915 2711 1043 2789 ldoesia,
1067 2710 1115 2770 ad-

108 2799 178 2858 ditis
197 2798 307 2858 Achaia
324 2817 358 2859 ac
379 2797 557 2859 Macedonia.
591 2799 625 2860 id·
645 2817 763 2879 qnoque
785 2817 902 2861 morum
920 2799 1033 2860 Tiberii
1051 2799 1114 2876 tuit,

107 2889 280 2947 continuare
307 2888 435 2966 imperia
456 2905 489 2947 ac
514 2886 674 2967 plerosque·
698 2888 733 2947 ad
757 2888 846 2948 finem
868 2889 945 2948 vitae
967 2889 999 2947 in
1021 2888 1114 2946 isdem

108 2975 288 3035 exercitibus
303 2982 354 3035 aut
367 2975 623 3037 iurisdictionibus
633 2975 751 3036 habere.
774 2993 879 3036 cauam
888 2977 986 3036 variae
995 2974 1114 3035 tradun-

81 3071 170 3125 stur:
189 3062 239 3123 alii
257 3062 354 3123 taedio
373 3081 465 3124 norae
485 3080 573 3125 curae
593 3064 683 3124 semel
702 3062 808 3142 placita
829 3081 883 3142 pro
904 3064 1033 3123 aeternis
1054 3080 1114 3122 ser-

179 3234 224 3300 ii,
252 3238 284 3289 15
313 3234 486 3288 sectarentur
513 3234 651 3303 Wd'iffla'u:
680 3233 873 3301 spectarentur
901 3234 1000 3300 (omum
1027 3250 1059 3287 erc
1087 3249 1115 3286 eo

107 3307 179 3375 qvod
205 3307 328 3375 sequitur
354 3302 550 3373 spectantium)
566 3306 571 3373 Ι
589 3304 633 3372 is,
654 3309 667 3357 1
696 3305 774 3356 terra
799 3302 914 3357 coneusi
930 3307 935 3371 Ι
951 3305 996 3370 lt,
1016 3311 1031 3359 6
1051 3305 1115 3357 anie

107 3378 235 3429 manetes
255 3375 448 3443 (Antemnates
466 3376 583 3430 malebat
602 3375 735 3442 Pictura)
751 3378 754 3440 Ι
770 3379 787 3429 8
801 3373 938 3428 deductus
954 3377 958 3442 l
977 3380 1009 3429 ta
1028 3375 1114 3429 socio·

106 3463 181 3499 rum:
207 3449 343 3500 maiorum
362 3446 521 3516 Nipperdey
540 3447 545 3514 Ι
568 3451 598 3500 ti
619 3443 668 3500 Cn.
687 3446 750 3501 add.
770 3444 840 3500 idem
855 3447 860 3516 1
876 3444 1049 3513 concederet,
1068 3463 1116 3500 em.

106 3515 223 3586 Lipsius
239 3520 243 3587 Ι
260 3517 305 3583 80,
325 3524 342 3572 4
360 3519 437 3571 varie
455 3517 601 3572 Acidaliae
