2392 3876
273 199 321 253 AB
339 196 498 252 Excnssu
516 195 673 252 AUGUSTI
690 197 750 252 XV.
768 204 882 254 tic-ca.
1017 197 1082 262 349

71 349 192 410 Paulina
206 365 300 409 uxore
315 355 346 408 et
360 348 462 408 amicis
476 345 593 407 duobus
604 344 736 424 epulanti
746 345 880 408 mandata
894 348 1082 426 imperatoris

72 437 173 499 edidit.

138 523 190 588 61.
215 524 326 586 Seneca
344 527 467 585 missum
491 522 528 584 ad
547 541 579 583 se
597 522 729 584 Natalem
753 531 1007 604 conquestumque
1030 543 1081 585 no-

71 616 150 675 mine
164 613 293 695 Pisonis,
312 613 392 693 quod
411 631 429 673 a·
446 611 567 673 visendo
588 628 622 671 eo
641 611 866 693 prohiberetur,
884 631 975 691 seque
994 614 1082 674 ratio·

71 721 140 764 nem
154 702 330 764 valetudinis
341 708 371 762 et
380 719 511 761 amorem
520 701 629 778 quietis
639 701 827 761 excusavisse
837 701 999 779 respondit.
1027 719 1082 762 cur

72 791 197 853 salutem
211 793 318 869 privati
332 790 460 850 hominis
474 788 671 849 incolumitati
685 806 755 849 suae
770 789 943 871 anteferret,
963 807 1082 850 causam

72 897 131 943 non
145 879 299 959 hahuisse3
322 896 377 938 nec
401 877 458 938 sibi
481 884 651 956 promptum
670 878 701 936 in
720 876 903 938 adulationes
921 880 1109 956 ingenium.⁵

71 968 162 1046 idque
177 966 251 1027 nulli
264 968 357 1045 magis
375 983 499 1045 gnarum
513 983 601 1042 quam
615 964 738 1046 Neroni,
758 969 810 1046 qui
829 968 946 1045 saepius
964 965 1081 1028 liberta·

72 1064 133 1116 tem
157 1054 286 1115 Senecae
310 1071 399 1134 quam
422 1055 576 1114 servitium
599 1061 738 1132 expertus
765 1062 852 1116 esset.
897 1054 950 1116 ubi
975 1054 1082 1116 haeca

73 1143 193 1204 tribuno
212 1142 304 1203 relata
322 1150 392 1203 sunt
410 1141 545 1221 Poppaea
563 1148 594 1201 et
611 1140 755 1219 Tigellino
779 1161 891 1224 coram,
917 1144 996 1222 quod
1020 1151 1083 1204 erat

75 1234 217 1293 saevienti
231 1233 360 1310 principi
374 1232 511 1291 intimum
517 1229 726 1310 consiliorum,
740 1232 904 1309 interrogat
919 1249 955 1291 an
971 1232 1083 1292 Seneca

72 1321 268 1382 voluntariam
291 1327 416 1380 mortem
441 1325 567 1397 pararet.
612 1324 677 1379 tum
700 1318 839 1379 tribunus
862 1319 942 1379 nulla
965 1323 1123 1396 pavoris10

74 1411 169 1490 signa,
193 1407 266 1468 nihil
284 1411 370 1469 triste
393 1409 424 1468 in
443 1407 542 1468 verbis
560 1408 625 1467 eius
644 1413 695 1467 aut
712 1404 795 1466 vultu
814 1407 995 1485 deprensum
1014 1425 1082 1467 con·

73 1499 208 1557 firmavit.
246 1515 315 1575 ergo
335 1496 453 1574 regredi
475 1503 505 1556 et
527 1495 659 1556 indicere
678 1501 804 1555 mortem
829 1495 957 1556 iubetur.
994 1495 1084 1556 tradit

74 1585 183 1646 Fabius
192 1584 333 1645 Rusticus
347 1603 407 1644 non
421 1602 455 1644 eo
471 1602 529 1663 quo
544 1591 664 1643 venerat
678 1585 785 1644 itinere
796 1583 909 1644 redisse
919 1584 1082 1664 tribunum,

75 1674 127 1734 sed
137 1673 254 1734 ilexisse
265 1673 450 1733 adFaenium
460 1671 654 1752 praesectum,
663 1680 693 1732 et
703 1671 984 1751 expositisGaesaris
995 1674 1084 1732 iussis

75 1780 111 1823 an
126 1761 345 1840 obtemperaret
358 1762 599 1840 interrogavisse,
620 1761 824 1839 monitumque
843 1760 879 1821 ab
899 1780 933 1821 eo
952 1767 1123 1822 merse-15

75 1858 230 1930 queretur,
249 1849 328 1911 satali
342 1851 474 1910 omnium
495 1850 618 1928 ignavia.
645 1865 713 1908 nam
728 1856 757 1909 et
772 1848 907 1909 Silvanus
922 1852 1000 1909 inter
1014 1866 1083 1910 con·

73 1941 187 2000 iuratos
211 1945 274 1999 erat
292 1937 475 2017 augebatque
495 1936 619 2017 scelera,
641 1938 673 1997 in
697 1955 824 2022 quorum
847 1937 989 1998 ultionem
1016 1955 1084 1999 con-

75 2035 215 2088 senserat.
257 2028 438 2088 vocitamen
457 2033 486 2087 et
505 2026 639 2104 aspectui
656 2028 791 2103 pepercit
809 2028 1029 2104 intromisitque
1048 2026 1084 2087 ad

75 2115 216 2177 Senecam
236 2133 328 2177 ninum
347 2133 384 2176 ex
403 2113 641 2194 centurionibus,
660 2115 712 2193 qui
728 2115 937 2176 necessitatem
951 2115 1085 2176 ultimam

75 2205 270 2266 denuntiaret.
1099 2215 1126 2256 ao

142 2289 193 2351 62.
207 2291 259 2352 llle
273 2295 428 2352 interritus
442 2294 539 2370 poscit
552 2293 722 2353 testamenti
731 2290 860 2372 tabulas,
875 2309 909 2352 ac
920 2291 1083 2370 denegante

76 2381 250 2439 centurione
269 2397 430 2439 conversus
450 2379 485 2439 ad
505 2382 628 2457 amicos,
648 2379 765 2458 quando
781 2382 895 2439 meritis
914 2398 1018 2440 eorum
1037 2397 1083 2439 re·

76 2468 154 2528 ierne
169 2468 291 2545 gratiam
306 2466 524 2544 prohiberetur,
533 2467 613 2546 quod
623 2483 714 2526 unum
724 2468 783 2525 iam
793 2475 823 2525 et
836 2475 935 2527 tamen
949 2466 1085 2545 pulcher-

75 2557 185 2615 rimum
199 2553 314 2634 habeat,
328 2555 486 2631 imaginem
500 2555 576 2614 vitae
586 2571 657 2614 suae
667 2553 835 2632 relinquero
850 2562 985 2632 testatur,
1000 2557 1086 2614 euius

76 2646 103 2703 si
115 2660 263 2703 memores
277 2650 385 2723 essent,
399 2640 544 2702 bonarum
558 2643 666 2702 artium
681 2642 787 2701 lamam
801 2642 932 2702 fructum
951 2649 1085 2702 constan·
1100 2658 1112 2698 5

76 2733 116 2792 tis
134 2731 280 2791 amicitiae
298 2730 418 2791 laturos.
452 2729 540 2790 simul
557 2728 694 2790 lacrimas
713 2747 816 2789 eorum
834 2731 922 2791 modo
941 2748 1086 2811 sermone,

76 2819 164 2881 modo
183 2821 326 2879 intentior
340 2821 374 2880 in
392 2817 514 2879 modum
533 2819 698 2879 coercentis
718 2817 753 2879 ad
772 2818 984 2880 firmitudinem
1003 2814 1085 2880 reno·

76 2915 136 2987 cat,
150 2908 282 2986 rogitans
296 2906 348 2968 ubi
362 2915 518 2987 praecepta
533 2908 706 2988 sapientiae,
728 2907 780 2969 ubi
793 2915 837 2968 tot
851 2925 905 2986 per
919 2925 1011 2968 annos
1024 2926 1084 2968 me·

77 2996 168 3058 ditata
186 2997 262 3056 ratio
280 2996 436 3057 adversum
454 2992 660 3057 imminentia?
686 2997 736 3056 cui
754 2998 833 3056 enim
847 2999 979 3075 ignaram
994 2997 1085 3056 luisse

147 3184 193 3251 cl,
215 3190 247 3238 13
269 3182 376 3238 redisse
400 3183 543 3237 tribunum
560 3199 622 3238 noe:
646 3182 768 3238 reditum
787 3180 919 3252 (reditum
936 3200 955 3238 a
971 3180 1086 3238 tribuno

77 3255 219 3326 Agricola)
236 3254 305 3322 162,
325 3259 341 3308 5
364 3253 486 3308 fructum
507 3270 569 3310 noa:
592 3255 653 3307 inm
680 3253 812 3324 (prelium
836 3255 896 3307 inm
919 3253 1085 3336 Nipperdey,

75 3327 137 3378 tum
155 3325 294 3391 Muretus,
314 3324 392 3379 euius
411 3324 489 3378 sim.
509 3326 604 3379 essent
620 3324 648 3382 b.
668 3324 783 3391 arbium,
807 3324 912 3379 famam
931 3326 1086 3378 constantis

77 3395 202 3463 Ernesti)
225 3398 258 3451 in
275 3397 324 3451 illo
342 3397 401 3450 iem
419 3397 619 3451 substantivum
636 3397 725 3452 cicini
743 3399 826 3451 latere
848 3395 1038 3451 Weissenborn
1054 3397 1086 3450 in

77 3466 152 3520 Ann.
170 3467 238 3535 phil.
256 3484 280 3521 c.
301 3471 345 3535 52,
365 3472 401 3522 44
420 3469 485 3522 bene
501 3468 621 3535 monnit;
640 3468 673 3535 es.
694 3467 767 3523 Snet.
788 3465 845 3522 cat.
860 3471 878 3522 4
896 3483 1013 3536 quarum
1031 3464 1086 3522 vir·

76 3537 170 3589 bubum
187 3536 309 3592 fructum
328 3537 498 3592 uberrimum
515 3537 584 3591 tulit
970 3553 973 3559 ·
