2392 3876
284 232 332 287 AB
350 230 512 288 EXCESSU
529 230 686 288 AUGUSTI
703 233 736 288 11.
756 239 869 290 28—32.
1037 235 1079 301 57

72 383 217 460 terrogari
235 380 353 459 placuit.
390 388 421 442 et
443 383 512 459 quia
534 388 634 442 vetere
652 389 773 443 senatus
791 382 927 444 consulto
945 386 1080 463 quaestio

72 472 103 529 in
117 476 206 548 caput
219 469 330 530 domini
347 468 573 549 prohibebatur,
592 469 715 531 callidus
730 476 761 531 et
773 473 843 531 nori
855 472 931 531 iuris
944 480 1080 549 repertor

72 557 210 618 Tiberius
223 559 386 637 mancipari
399 557 531 635 singulos
550 559 643 618 actori
661 557 780 636 publico
799 557 896 639 iubet,
915 559 1030 621 scilicet
1047 567 1081 620 ut

72 649 104 707 in
124 644 267 706 Libonem
290 662 327 705 ex
350 647 443 706 servis
467 645 545 705 salvo
569 652 689 707 senatus
713 645 849 708 consulto
877 643 1079 726 quaereretur.
1094 662 1120 704 15

73 732 110 795 ob
134 752 209 813 quae
232 741 384 813 posterum
407 733 487 794 diem
509 751 579 794 reus
602 735 707 812 petivit
729 734 909 814 domumque
928 735 1080 814 digressus

73 829 219 883 extremas
241 839 346 900 preces
369 820 401 882 P.
421 820 555 891 Quirinio
583 824 749 901 propinquo
778 840 832 883 suo
855 823 892 883 ad
916 826 1082 903 principem

73 911 229 971 mandavit.

21 982 51 1050 is
139 995 189 1060 31.
213 998 399 1077 Responsum
418 1006 516 1059 estut
534 1006 668 1060 senatum
686 1007 813 1077 rogaret.
846 998 1020 1077 cingebatur
1038 1002 1082 1060 in·
1117 1052 1124 1062 .

72 1089 160 1148 terim
173 1086 266 1147 milite
280 1087 395 1168 domus,
414 1087 585 1165 strepebant
600 1089 688 1148 etiam
702 1089 733 1147 in
747 1086 907 1168 vestibulo,
925 1095 959 1149 ut
976 1087 1082 1169 audiri,

72 1182 107 1236 ut
125 1176 218 1254 aspici
235 1182 370 1256 possent,
389 1193 458 1250 cum
471 1174 545 1236 Libo
564 1177 638 1254 ipsis
657 1194 731 1254 quas
748 1178 779 1236 in
798 1178 988 1237 novissimam
1000 1175 1081 1236 volu·

71 1271 183 1342 ptatem
210 1263 385 1325 adhibuerat
408 1262 504 1342 epulis
526 1266 714 1324 excruciatus
737 1281 842 1325 vocare
864 1282 1082 1343 percussorem,

72 1369 213 1430 prensare
237 1369 392 1412 servorum
414 1352 546 1429 dextras,
569 1353 702 1411 inserere
725 1350 862 1429 gladium.
904 1359 992 1431 atque
1014 1353 1109 1432 illis,s

73 1440 144 1501 dum
165 1438 328 1518 trepidant,
356 1437 428 1498 dum
450 1437 615 1517 refugiunt,
638 1437 840 1499 evertentibus
863 1439 1031 1517 adpositum
1050 1445 1104 1502 in·

73 1543 174 1586 mensa
192 1525 306 1604 lumen,
330 1523 472 1585 toralibus
490 1526 549 1583 iam
567 1523 626 1584 sibi
643 1523 775 1585 tenebris
794 1524 868 1586 duos
886 1528 965 1586 ictus
987 1531 1018 1586 in
1041 1530 1082 1587 vi·

75 1630 158 1674 secra
176 1611 300 1672 derexit.
327 1612 364 1672 ad
383 1612 525 1689 gemitum
543 1611 726 1673 conlabentis
744 1612 904 1674 adcurrere
922 1613 1035 1694 liberti,
1053 1623 1083 1675 et

75 1699 164 1761 caede
182 1701 245 1760 visa
262 1699 347 1760 miles
366 1698 488 1760 abstitit.
520 1701 668 1760 accusatio
682 1708 780 1760 tamen
795 1700 872 1779 apud
886 1708 987 1779 patres
1001 1702 1082 1762 adse·

75 1789 225 1849 roratione
239 1787 342 1849 eadem
354 1795 482 1867 peracta,
496 1789 663 1867 iuravitque
673 1787 812 1849 Tiberius
825 1791 1031 1868 petiturumse
1040 1792 1082 1851 vi·
1097 1807 1124 1848 10

74 1884 133 1937 tam
147 1876 281 1955 quamvis
294 1878 423 1956 nocenti,
436 1878 495 1936 nisi
508 1875 702 1937 voluntariam
716 1884 842 1938 mortem
855 1880 1082 1956 properavisset.

139 1962 191 2026 32.
205 1963 286 2024 Bona
299 1966 379 2025 inter
388 1971 575 2025 accusatores
589 1964 770 2046 dividuntur,
785 1973 816 2026 ct
828 1974 985 2044 praeturae
999 1974 1083 2028 extra

73 2052 208 2114 ordinem
231 2051 315 2113 datae
338 2055 375 2113 iis
399 2055 451 2132 qui
473 2055 615 2113 senatorii
637 2054 750 2114 ordinis
774 2061 866 2115 erant.
903 2062 975 2116 tunc
998 2054 1082 2117 Cotta

72 2140 261 2221 Messalinus,
283 2158 321 2201 ne
344 2143 440 2221 imago
458 2140 579 2201 Libonis
603 2144 758 2221 exsequias
781 2150 970 2221 posterorum
992 2146 1081 2205 comi·

72 2236 200 2309 taretur,
223 2231 353 2309 censuit,
376 2228 428 2289 Cn.
446 2227 603 2309 Lentulus,
625 2248 663 2290 ne
687 2231 754 2308 quis
778 2229 951 2292 Scribonius
975 2249 1081 2309 cogno·

72 2324 206 2378 mentum
229 2316 318 2377 Drusi
345 2317 521 2378 adsumeret.
568 2317 817 2396 supplicationum
839 2319 904 2379 dies
926 2319 1109 2397 Pomponiia

72 2404 171 2466 Flacci
185 2407 332 2466 sententia
346 2407 513 2484 constituti,
531 2405 607 2467 dona
621 2405 694 2485 lovi,
708 2405 808 2486 Marti,
822 2405 1018 2486 Concordiae,
1036 2415 1081 2467 ut·

75 2511 131 2572 que
146 2492 251 2567 iduum
266 2492 486 2572 Septembrium
500 2493 577 2573 dies,
592 2511 650 2570 quo
666 2512 698 2554 se
712 2492 786 2553 Libo
800 2495 1003 2573 interfecerat,
1019 2495 1082 2555 dies

72 2583 167 2643 festus
181 2580 355 2660 haberetur,
370 2580 402 2641 L.
417 2582 488 2642 Piso
503 2588 533 2641 et
547 2580 646 2641 Gallus
660 2583 780 2642 Asinius
794 2590 825 2642 et
838 2581 946 2660 Papius
959 2580 1082 2641 Mutilus

72 2677 103 2730 ct
120 2668 152 2730 L.
167 2668 316 2746 Apronius
335 2670 507 2749 decrevere3
531 2687 659 2748 quorum
677 2671 869 2731 auctoritates
887 2668 1081 2730 adulationes-

73 2773 131 2835 que
145 2755 257 2835 rettuli,
270 2765 305 2817 ut
318 2759 446 2818 sciretur
460 2765 546 2817 vetus
559 2756 590 2816 id
604 2759 635 2816 in
649 2775 683 2818 re
696 2756 816 2837 publica
824 2756 942 2818 malum.
965 2758 1042 2818 lacta
1052 2766 1082 2818 et
1095 2773 1123 2814 1o

73 2843 110 2904 de
128 2843 342 2929 mathematicis
360 2847 513 2925 magisque
531 2844 613 2905 ltalia
631 2845 776 2924 pellendis
795 2853 915 2906 senatus
934 2846 1082 2926 consulta;

72 2949 200 3012 quorum
214 2950 231 2993 o
245 2949 369 2993 numero
383 2933 415 2994 L.
429 2933 584 2994 Pituanius
603 2950 672 2993 saxo
691 2933 825 2993 deiectus
839 2943 898 3014 est,
916 2937 947 2995 in
962 2934 993 2996 P.
1007 2935 1082 2995 llar-

72 3023 152 3082 cium
170 3019 309 3082 consules
327 3028 410 3081 extra
428 3027 544 3100 portam
558 3020 755 3101 Esquilinam,
773 3038 841 3082 cam
860 3022 1017 3085 classicum
1035 3039 1082 3083 ca·

71 3126 143 3170 nere
157 3111 328 3189 iussissent,
346 3126 429 3169 more
444 3110 542 3187 prisco
557 3109 719 3170 advertere.

122 3277 189 3348 bl,
207 3284 225 3333 3
241 3275 361 3348 possint,
380 3293 429 3333 em.
443 3276 529 3332 Rhea.
546 3280 551 3346 Ι
567 3284 583 3333 6
597 3277 627 3330 in
641 3278 885 3344 add.'Groalott'tcs,
904 3296 967 3333 eum
985 3294 1083 3333 mensa

71 3348 163 3404 uerter
179 3350 212 3402 in
229 3350 292 3404 edit.
308 3348 467 3416 Caetobriga.
483 3350 487 3416 Ι
504 3354 520 3401 9
534 3347 647 3402 abstitit
660 3349 787 3419 Lopsica:
806 3348 920 3402 adstitit
934 3355 938 3416 Ι
954 3349 1000 3415 82,
1015 3356 1031 3402 2
1046 3348 1082 3403 iis

70 3418 186 3474 Belclter:
204 3417 250 3472 his
266 3419 271 3488 Ι
288 3424 304 3473 t
323 3416 472 3471 constituti
490 3417 674 3473 Freiosbes'm:
693 3416 841 3473 constituti
858 3420 892 3472 ut
906 3419 1083 3486 (constituti.

71 3488 258 3555 oblitteretur,
282 3487 433 3542 constituti
452 3529 458 3541 .
478 3488 509 3540 at
526 3488 560 3542 G.
582 3488 611 3543 0.
630 3489 800 3558 Hermann)
816 3489 854 3556 18
877 3487 943 3542 Piso
965 3490 1010 3546 Jo.
1029 3490 1081 3546 Fr.

72 3557 241 3615 Gronovius:
259 3557 282 3611 P
302 3559 361 3628 (aie)
