2392 3876
272 188 321 242 aa
339 187 500 246 nxonsso
517 171 672 244 incusor
690 187 710 243 1.
731 192 845 244 ai-oa.
1024 187 1066 251 29

62 339 216 417 vicemque
235 337 463 416 percussoribus
482 336 601 416 obtulit,
622 339 788 398 constantia
805 338 911 398 mortis
928 337 1005 397 band
1025 338 1095 397 ins

62 427 169 505 dignus
185 426 359 505 Sempronio
378 428 510 486 nomine:
529 427 587 486 vita
606 425 843 504 degeneraverat.
872 426 991 504 quidam
1008 442 1068 485 non

61 515 154 575 Roma
172 533 223 576 eos
243 513 365 594 milites,
385 513 436 574 sed
455 512 491 573 ab
510 513 541 573 L.
561 516 724 592 Asprenate
743 532 797 593 pro
817 513 938 574 consule
953 514 1068 574 Africae

61 605 169 663 missos
183 602 331 663 tradidere
345 609 466 663 auctore
480 601 613 681 liberio,
632 604 685 681 qui
700 601 807 663 lamam
823 602 922 662 caedis
936 619 1023 681 posse
1038 603 1068 661 in

61 692 255 770 Asprenatem
269 692 345 750 verti
359 691 469 751 frustra
483 699 660 769 speraverat.

128 777 180 840 54,
203 778 284 840 ldem
301 797 397 839 annus
415 797 504 839 novas
523 781 716 839 caerimonias
735 781 849 857 accepit
867 777 965 838 addito
985 777 1069 838 soda-

62 868 134 929 lium
149 867 354 946 Augustalium
371 866 547 947 sacerdotio,
566 873 600 927 ut
617 867 764 946 quondam
778 867 864 927 'litus
878 865 982 926 Tatius
1000 869 1070 926 reti·

62 955 169 1016 nendis
193 955 371 1017 Sabinorum
395 958 487 1016 sacris
515 955 629 1016 sodales
652 955 747 1016 Titios
775 957 952 1021 instituerat.
990 962 1069 1014 sorte

63 1044 146 1104 ducti
160 1062 176 1102 e
190 1043 371 1123 primoribus
385 1046 512 1105 civitatis
525 1062 602 1104 unus
615 1050 645 1105 et
657 1045 774 1121 viginti:
796 1043 934 1104 Tiberius
943 1042 1070 1104 Drusus·

63 1150 121 1212 que
139 1139 168 1192 et
182 1131 321 1193 Claudius
338 1139 368 1193 et
381 1131 574 1194 Germanicus
590 1131 768 1193 adiciuntur.
795 1131 881 1192 ludos
895 1130 1070 1209 Augustales
1085 1145 1097 1186 s

61 1228 133 1281 tunc
148 1222 277 1300 primum
291 1228 412 1300 coeptos
426 1220 556 1281 turbarit
569 1220 717 1281 discordia
730 1238 765 1280 ex
778 1222 938 1280 certamine
951 1219 1069 1279 histrio-

62 1327 142 1370 num.
170 1308 334 1369 indulserat
348 1310 377 1368 ei
391 1307 505 1369 ludicro
518 1308 683 1388 Augustus,
697 1307 769 1368 dnm
782 1307 945 1368 Maecenati
958 1307 1069 1368 obtem·

61 1405 147 1476 perat
165 1398 259 1456 elluso
278 1397 309 1456 in
328 1413 458 1455 amorem
476 1395 615 1474 Ratbylli3
635 1413 732 1473 neque
750 1398 814 1473 ipse
833 1395 1011 1456 abhorrebat
1029 1403 1070 1456 ta-

62 1484 142 1544 libus
157 1483 271 1559 studiis,
286 1489 317 1542 et
329 1481 414 1542 civile
429 1481 550 1542 rebatur
564 1484 684 1542 misceri
695 1480 894 1559 voluptatibus
906 1482 994 1560 vulgi.
1016 1483 1070 1543 alia

62 1571 183 1630 Tiberio
203 1588 320 1630 morum
334 1572 393 1630 ria:
412 1571 463 1629 sed
478 1568 620 1648 populum
638 1588 692 1647 per
706 1577 750 1629 tot
767 1587 859 1630 annos
876 1569 1004 1630 molliter
1013 1570 1069 1630 *ba-
1086 1587 1110 1626 ro

62 1659 158 1718 bitum
174 1657 306 1718 nondum
320 1656 445 1718 audebat
459 1658 494 1718 ad
510 1657 628 1718 duriora
643 1666 767 1718 vertere.

131 1742 181 1807 55.
204 1745 301 1806 Druso
327 1742 451 1806 Caesare
479 1745 509 1806 C.
534 1745 672 1806 Norbano
699 1746 873 1807 consulibus
900 1746 1071 1807 decernitur

62 1837 239 1897 Germanico
263 1834 432 1912 triumphus
455 1842 592 1896 manente
615 1834 707 1916 betto;
737 1835 816 1913 qnod
840 1852 1016 1914 quamquam
1040 1837 1071 1894 in

61 1932 204 1985 aestatem
224 1941 338 1984 summa
360 1940 415 2002 ope
432 1923 567 2003 parabat,
595 1925 680 1984 initio
703 1926 782 1985 veris
806 1930 835 1983 et
859 1925 1015 2001 repentino
1039 1925 1069 1982 in

61 2013 182 2073 Chattos
206 2029 334 2072 excursu
356 2014 516 2090 praecepit.
553 2029 621 2072 nam
646 2030 714 2090 spes
740 2013 903 2072 incesserat
926 2011 1070 2071 dissidere

61 2101 177 2161 bostem
195 2102 227 2160 in
241 2100 407 2160 Arminium
426 2118 459 2160 ac
475 2099 640 2180 Segestem,
659 2102 805 2178 insignem
824 2108 984 2179 utrumque
1004 2113 1097 2176 per-o
1165 2165 1175 2183 ·

61 2189 129 2249 fidia
147 2191 178 2249 in
193 2206 248 2247 nos
262 2195 313 2248 aut
326 2188 392 2248 fide.
420 2190 571 2248 Arminius
584 2187 721 2249 turbator
735 2187 917 2268 Germaniae,
932 2187 1070 2265 Segestes

61 2280 161 2355 parari
184 2275 374 2337 rebellionem
398 2293 484 2354 saepe
511 2276 582 2336 alias
606 2283 637 2336 et
663 2293 802 2354 supremo
828 2277 975 2354 convivio,
1003 2284 1071 2354 post

62 2365 142 2444 quod
156 2366 187 2424 in
202 2382 282 2424 arma
296 2366 380 2444 itum,
394 2367 510 2442 aperuit
523 2366 675 2442 suasitque
685 2363 761 2424 Varo
775 2371 809 2424 ut
821 2382 853 2425 se
865 2371 895 2424 et
904 2365 1070 2424 Arminium

62 2461 93 2513 et
107 2461 223 2513 ceteros
236 2470 376 2530 proceres
391 2454 529 2513 vinciret:
547 2451 620 2512 nibil
639 2469 778 2512 ausuram
796 2452 913 2531 plebem
930 2454 1070 2530 principi·

61 2539 119 2601 bus
133 2543 252 2620 amotis3
271 2548 359 2619 atque
373 2542 431 2618 ipsi
444 2546 563 2618 tempus
577 2540 653 2620 lore,
673 2558 731 2618 quo
749 2542 872 2600 crimina
889 2548 919 2600 et
935 2542 1111 2600 innoxios10

61 2630 256 2690 discerneret.
293 2628 344 2688 sed
364 2626 457 2688 Vanis
478 2627 537 2687 lato
559 2636 590 2688 et
608 2631 637 2688 vi
655 2630 770 2688 Armini
789 2628 909 2688 cecidit:
933 2627 1070 2706 Segestes

62 2732 242 2793 quamquam
260 2732 408 2775 consensu
426 2717 523 2793 gentis
541 2717 571 2775 in
588 2714 699 2777 bellum
715 2722 829 2776 tractus
843 2715 958 2777 discors
972 2735 1069 2777 mane·

63 2803 128 2882 bat,
142 2803 237 2862 auctis
253 2804 391 2879 privatim
406 2803 495 2881 odiis,
514 2804 594 2882 quod
608 2803 758 2865 Arminius
774 2803 863 2865 liliam
878 2807 943 2865 eius
958 2804 1006 2865 alii
1022 2824 1069 2883 pa·

61 2898 140 2952 ctam
159 2897 310 2967 rapuerat:
329 2907 420 2967 gener
438 2893 566 2970 inrisuS,
584 2894 696 2953 inimici
714 2895 824 2973 soceri,
843 2897 977 2972 quaeque
992 2894 1070 2971 apud

60 2977 226 3041 concordes
236 2978 352 3039 vincula
362 2979 501 3060 caritatis,
515 2981 703 3042 incitamenta
717 2982 831 3041 irarum
844 2982 922 3061 apud
938 2982 1069 3041 infensos
1085 2993 1109 3033 1⁵

60 3075 154 3130 erant.

53 3268 56 3273 ·
131 3237 178 3306 54,
197 3245 214 3293 3
231 3236 323 3293 Titios
346 3237 518 3295 Vettrouiuc:
536 3237 624 3294 betica
640 3241 645 3308 Ι
660 3239 706 3306 oo,
727 3245 758 3294 11
779 3238 894 3306 armeni,
912 3241 975 3293 item
992 3242 1020 3306 2,
1034 3242 1072 3293 88

61 3307 205 3364 armenius
223 3309 498 3377 et11,16armenii‚
516 3316 662 3366 columneo
679 3328 698 3364 u
716 3310 848 3365 &abaco
866 3311 998 3364 traditum
1016 3309 1068 3381 esti

64 3386 97 3434 14
116 3396 203 3450 gener
220 3378 327 3433 inrisus
346 3378 454 3435 inimici
473 3379 563 3434 soceri
580 3382 645 3447 alii,
674 3380 764 3435 soceri
782 3397 837 3450 pro
858 3382 978 3461 genetivo
1000 3382 1070 3435 acei-

58 3453 223 3576 mmeoff.
237 3448 353 3519 inrisus,
372 3449 503 3505 inimicus
522 3465 601 3506 socer
616 3450 747 3517 Pielteno,
766 3466 793 3519 g.
807 3449 922 3519 inmens,
941 3449 1071 3505 inimicus

59 3520 156 3575 soceri¹
199 3523 328 3592 apperday
