2408 3870
109 166 173 231 218
386 166 555 222 CORNELII
573 165 690 221 TAClTl
710 165 776 222 LIB.
795 166 840 222 XL

110 319 336 396 nuntiatumque
355 315 476 377 Claudio
496 315 626 395 epulanti
644 317 758 394 perisse
778 315 976 397 Messalinam,
995 335 1054 378 nen
1074 319 1120 378 di-

83 407 218 465 sstinctc
238 423 291 466 sua
309 423 345 465 an
364 404 458 465 aliena
472 422 569 465 manu.
598 423 652 466 nee
672 403 720 464 ille
742 406 900 485 quaesivit,
920 409 1119 486 poposcitque

108 493 248 572 poculum
272 501 301 554 et
325 493 409 554 solita
432 495 565 554 convivio
588 492 755 554 celebravit
801 511 838 553 ne
862 497 973 554 secutis
996 495 1120 573 quidem

110 581 214 643 diebus
229 582 288 642 cdii
303 582 414 663 gaudii,
434 585 496 642 irae
510 584 661 663 tristitiae,
681 582 770 643 ullius
790 581 918 662 denique
932 582 1054 643 humani
1068 585 1120 644 ad-

110 671 205 733 iectus
218 672 301 750 signa
316 671 410 752 dedit,
430 689 489 731 nen
507 688 576 732 cum
595 670 736 732 laetantes
755 678 942 732 accusatores
961 674 1119 755 aspiceret,

110 778 168 821 nen
183 778 252 821 cum
266 759 342 820 lilios
357 768 531 820 maerentes.
562 761 696 839 iuvitque
714 759 890 821 oblivionem
910 763 975 821 eius
996 770 1120 823 senatus

70 867 95 906 ιο
109 849 257 910 censendo
277 866 384 910 nemen
405 856 435 908 ct
453 848 566 927 effigies
583 850 706 928 privatis
725 867 758 910 ac
777 847 905 928 puhlicis
924 849 997 911 locis
1018 851 1119 911 demo-

109 937 226 998 vendas.
254 937 374 998 decreta
386 935 525 997 Narcisso
544 939 711 1016 quaestoria
725 938 860 1020 insignia,
880 937 1061 1000 levissimum
1077 941 1119 1000 la·

110 1025 198 1085 stillio
213 1027 290 1105 eius,
304 1044 372 1086 cum
387 1043 477 1105 supra
491 1024 651 1086 Pallantem
670 1034 700 1087 et
714 1025 867 1088 Callistum
886 1035 999 1108 ageret,
1023 1024 1046 1108 †
1066 1028 1119 1090 ho-

111 1121 192 1173 nesta
200 1113 328 1194 quidem
335 1114 426 1175 seder
436 1116 502 1193 quis
511 1114 669 1176 deterrima
677 1114 1120 1195 orerentur[tristitiismultis}

180 1301 226 1368 38,
248 1307 278 1356 11
298 1301 413 1370 fastidii,
432 1320 480 1358 cm
499 1303 612 1359 Ernesti
627 1305 681 1384 112
700 1303 784 1359 cidem
807 1308 870 1359 ante
894 1304 1013 1372 honesta
1035 1324 1119 1376 quac-

109 1343 480 1500 ἕὲζὲἱέξξεζυῗῖιὶἰεεὺζιξὲῗινί
495 1380 526 1430 13
552 1373 689 1447 [tristitiis
718 1373 827 1446 multis]
856 1374 1025 1447 Nsppcrdcy,
1052 1378 1119 1445 fort.
