2392 3876
111 153 176 219 104
242 231 246 237 ι
460 149 628 206 connum
643 149 760 205 anoni

110 320 160 362 ros
179 301 292 382 Cotyis,
311 303 378 380 quis
397 300 435 361 ob
453 300 606 361 infantiam
625 307 707 361 tutor
725 305 789 358 erat
807 297 1001 359 Trebellenus
1016 299 1128 383 Ruina,

110 390 266 450 insolentia
284 391 380 450 nostri
400 389 514 450 discors
534 387 638 467 agebat
656 405 752 466 neque
772 388 870 446 minus
889 387 1126 450 Rhoemetalcen

110 496 197 558 quam
226 477 434 539 Trebellenum
465 480 604 537 incusans
636 475 822 555 popularium
855 477 978 536 iniurias
1010 477 1127 538 inultas

70 583 96 623 15
111 570 217 628 sinere.
263 565 426 626 Coelaletae
456 565 648 643 Odrusaeque
680 572 710 624 et
741 563 800 644 Dii,
833 563 943 624 validae
976 567 1126 646 nationes,

111 674 192 717 arma
210 672 330 735 cepere,
351 653 476 715 ducibus
496 655 620 713 diversis
640 661 670 713 et
686 651 809 730 paribus
827 654 906 712 inter
925 671 957 712 se
971 671 1025 730 per
1039 655 1127 732 igno·

110 744 268 823 bilitatem3
288 760 362 822 quae
381 759 470 802 causa
489 742 554 821 init,
572 759 610 801 ne
629 743 659 801 in
678 740 788 801 bellum
808 748 891 801 atrox
910 740 1127 803 coalescerent.

110 850 180 912 pars
194 830 315 892 turbant
329 832 509 909 praesentia,
528 829 577 889 alii
596 836 725 889 montem
740 828 883 889 Haemum
898 830 1125 908 transgrediun-

111 929 174 998 tur,
193 928 227 980 ut
245 925 374 979 remotos
393 918 518 997 populos
534 919 699 997 concirent,
718 917 839 995 plurimi
854 935 888 977 ac
901 920 1027 978 maxime
1042 937 1126 978 cona-

72 1024 99 1062 no
112 1009 200 1088 positi
220 1024 320 1085 regem
339 1006 503 1084 urbemque
517 1005 757 1085 Philippopolim,
777 1024 792 1065 a
811 1004 970 1066 Macedone
984 1005 1127 1085 Philippo

112 1098 211 1174 sitam,
225 1094 449 1156 circumsidunt.

179 1181 230 1245 39.
254 1182 335 1253 Quae
358 1182 410 1244 ubi
433 1172 549 1261 cognita
571 1181 603 1242 P.
623 1180 737 1241 Vellaeo
762 1176 802 1262 (is
821 1184 988 1260 proximum
1009 1186 1126 1244 exerci-

112 1281 175 1334 tum
198 1265 412 1352 praesidebat),
435 1270 541 1330 alarios
564 1271 679 1349 equites
699 1287 732 1329 ac
751 1268 823 1329 levis
843 1270 1009 1331 cohortium
1028 1273 1126 1333 mittit

112 1364 143 1421 in
163 1379 227 1442 eos,
246 1362 298 1440 qui
316 1358 519 1438 praedabundi
533 1365 584 1419 aut
597 1357 785 1419 adsumendis
800 1358 917 1418 arixiliis
932 1358 1126 1442 vagabantur,

112 1453 176 1529 ipse
195 1448 287 1509 robur
305 1448 438 1528 peditum
456 1448 492 1508 ad
512 1446 721 1508 exsolvendum
740 1446 885 1507 obsidium
902 1447 991 1507 ducit.
1020 1449 1125 1509 simul·

85 1552 170 1618 oque
194 1546 301 1599 cuncta
324 1554 466 1617 prospere
490 1544 566 1616 acta,
580 1537 684 1596 'caesis
707 1535 930 1615 populatoribus
955 1545 985 1595 et
1008 1536 1125 1598 dissen-

113 1631 195 1688 sione
209 1635 274 1688 orta
288 1627 365 1705 apud
384 1625 554 1686 obsidentes
573 1625 711 1703 regisque
731 1633 896 1702 opportuna
915 1626 1071 1704 eruptione
1093 1635 1126 1687 et

112 1716 240 1777 adventu
254 1715 395 1794 legionis.⁴
416 1731 513 1793 neque
527 1714 619 1772 aciem
634 1720 685 1773 aut
699 1712 844 1790 proelium
859 1713 918 1772 dici
932 1713 1076 1794 decuerit,
1091 1717 1124 1775 in

113 1822 172 1884 quo
188 1805 326 1864 semermi
340 1820 374 1863 ac
388 1800 520 1880 palantes
534 1801 674 1860 trucidati
689 1809 759 1860 sunt
773 1801 836 1860 sine
851 1809 953 1861 nostro
969 1803 1123 1880 sanguine.

179 1889 231 1952 40.
255 1889 365 1950 Eodem
389 1907 465 1949 anno
489 1888 647 1949 Galliarum
670 1890 804 1949 civitates
827 1888 865 1949 cb
889 1890 1124 1968 magnitudinem

113 1981 190 2039 aeris
205 1978 294 2038 alieni
307 1976 498 2040 rebellionem
518 1984 703 2058 coeptavere,
723 1979 808 2038 cuius
823 1977 1027 2038 exstimulatur
1041 1996 1124 2039 acer·

113 2068 207 2126 rimus
225 2068 304 2125 inter
321 2064 466 2126 'l'revcros
485 2064 577 2126 lulius
596 2064 714 2146 Florus,
735 2066 812 2146 apud
831 2065 1055 2127 Aeduoslulius
1072 2067 1124 2128 Sa·

114 2155 219 2215 crovir.
265 2152 403 2214 nobilitas
425 2153 569 2214 ambobus
592 2161 622 2214 et
644 2156 789 2215 maiorum
813 2153 889 2215 bona
913 2156 1001 2235 sacta,
1026 2173 1123 2233 eoque

87 2242 243 2302 aRomana
267 2244 369 2302 civitas
393 2241 462 2302 olim
486 2242 563 2323 data,
592 2260 660 2302 cum
683 2243 713 2302 id
736 2261 837 2303 rarum
860 2235 915 2304 uec
938 2245 996 2304 nisi
1018 2245 1124 2305 virtuti

113 2333 243 2410 pretium
267 2337 354 2391 essct.
399 2332 421 2390 ii
444 2333 568 2392 secretis
591 2330 770 2413 conloquiis,
793 2333 978 2392 ferocissimo
1002 2351 1122 2411 quoque

114 2419 269 2498 adsumpto
298 2428 348 2479 aut
376 2419 484 2498 quibus
507 2418 545 2479 ob
562 2426 728 2498 egestatem
752 2438 786 2480 ac
808 2427 920 2480 metum
945 2438 980 2481 ex
1002 2419 1123 2499 flagitiis

113 2511 238 2569 maxima
253 2508 396 2587 peccandi
409 2508 610 2588 necessitudo,
625 2515 806 2587 componunt
820 2507 926 2570 Florus
940 2508 1056 2587 Belgas,
1072 2509 1122 2570 Sa·

114 2599 211 2658 crovir
232 2599 387 2676 propiores
408 2596 506 2657 Gallos
527 2599 654 2657 concire.
689 2598 780 2674 igitur
802 2615 856 2675 per
880 2596 1073 2658 conciliabula
1093 2608 1123 2658 et

73 2697 100 2735 10
114 2694 217 2744 coetus
246 2686 384 2746 seditiosa
412 2684 597 2746 disserebant
624 2685 660 2745 de
688 2687 908 2746 continuatione
932 2684 1123 2766 tributorum,

114 2774 256 2850 gravitate
270 2773 412 2854 faenoris,
427 2775 546 2835 saevitia
561 2792 594 2834 ac
609 2772 747 2852 superbia
761 2774 1006 2854 praesidentium;
1021 2782 1050 2835 et
1064 2774 1122 2834 dis·

114 2860 236 2920 cordare
261 2861 385 2921 militem
408 2862 507 2923 audito
531 2862 698 2923 Germanici
721 2863 819 2923 exitio.
866 2864 1017 2941 egregium
1040 2881 1122 2923 resu-

113 2947 237 3009 mendae
251 2947 381 3009 libertati
395 2957 526 3030 tempus,
545 2952 570 3010 si
584 2951 642 3028 ipsi
655 2948 809 3032 florentes,
829 2968 917 3030 quam
930 2953 1016 3029 inops
1031 2950 1123 3032 ltalia,

114 3055 202 3116 quam
212 3035 330 3097 inbellis
344 3035 456 3097 urbana
469 3036 580 3117 plebes,
595 3036 669 3096 nihil
682 3037 811 3098 validum
824 3041 854 3099 in
870 3039 1050 3100 exercitibus
1064 3041 1124 3100 nisi

72 3138 101 3178 15
114 3125 192 3205 quod
209 3132 376 3205 externum,
391 3127 563 3215 cogitarent.
904 3168 932 3254 V

185 3276 231 3344 38,
253 3282 284 3330 12
303 3275 486 3330 trebellianus
505 3281 530 3332 et
545 3280 578 3330 14
596 3275 800 3345 trebellianum,
820 3295 867 3333 em.
882 3280 1025 3335 Andreseo
1043 3280 1080 3334 od
1093 3286 1124 3347 2,

114 3352 152 3403 67
177 3350 181 3417 Ι
208 3352 240 3402 15
259 3345 307 3400 Dii
325 3347 442 3417 Lipsius
464 3348 532 3416 (coll.
554 3345 676 3417 Zbucpd.
695 3351 724 3415 2,
743 3353 802 3416 96):
829 3349 880 3403 alii
904 3351 908 3418 Ι
940 3355 973 3404 21
1001 3349 1125 3419 positam

115 3417 309 3556 {lappog'ccpl}
330 3424 377 3487 12,
396 3422 432 3474 63
456 3420 461 3488 l
486 3417 531 3486 39,
551 3424 567 3474 8
586 3434 733 3486 semerme,
762 3436 808 3475 em.
827 3421 888 3478 Joc.
908 3420 1063 3476 Grmwoios
1088 3422 1123 3488 cf.
