2392 3876
112 174 176 239 106
460 171 628 226 CORNELII
644 169 764 226 rtem

110 321 303 402 quadraginta
321 321 401 382 milia
419 321 515 412 fuere,
540 323 658 424 quinta
665 322 712 382 sui
730 327 814 399 parte
833 319 1002 399 legionariis
1022 324 1128 403 armis,

110 412 203 472 ceteri
230 429 299 471 cum
326 394 479 470 termbnlis
507 417 536 470 et
564 393 668 470 cultris
696 427 830 489 quaeque
858 409 914 469 alia
944 410 1128 472 venantibus

109 499 168 560 tela
191 506 269 560 snat.
315 498 464 559 adduntur
487 517 503 558 e
527 499 655 558 servitiis
678 497 858 576 gladiaturae
882 497 1033 578 destinati,
1058 503 1127 578 qui·

70 603 96 642 1⁰
110 588 167 649 bus
189 606 272 650 more
295 589 412 666 gentico
435 588 609 647 continuum
636 586 709 646 ferri
736 587 878 664 tegimen:
907 586 1127 665 cruppellarios

109 682 227 757 vocant,
250 675 413 736 inserendis
436 674 546 736 ictibus
568 674 726 755 inhabiles,
750 673 930 752 accipiendis
953 677 1127 754 inpenetra-

108 765 193 826 biles.
225 762 409 841 angebantnr
431 781 483 824 eae
505 764 607 841 copiae
630 765 794 824 vicinarum
817 763 969 823 civitatum
991 771 1026 824 ut
1049 783 1126 825 non·

109 854 180 914 dum
195 858 295 930 aperta
309 853 517 932 consensione,
536 853 577 911 ita
591 852 700 929 vixitim
713 853 859 930 promptis
874 851 993 932 studiis,
1013 859 1044 912 et
1058 871 1126 913 cer-

109 941 218 1000 tamine
233 939 343 1000 ducum
357 938 569 1020 Romanorum,
589 957 664 1019 qnos
678 941 757 999 inter
771 938 974 1018 ambigebatur
992 947 1125 1020 utroque

70 1043 96 1084 15
110 1027 220 1088 bellum
243 1027 301 1088 sibi
323 1035 471 1106 poscente.
509 1046 577 1088 mox
596 1026 687 1087 Varro
706 1027 852 1101 invalidus
872 1035 991 1088 senecta
1009 1031 1126 1107 vigenti

111 1115 182 1176 Silio
198 1116 369 1177 concessit:
590 1158 591 1163 κ

175 1202 227 1265 44.
240 1205 283 1265 nt
297 1204 405 1265 Romae
424 1223 484 1266 non
498 1205 644 1266 Treveros
662 1204 749 1266 modo
769 1211 799 1265 et
812 1204 944 1285 Aeduos,
965 1204 1016 1264 sed
1037 1215 1125 1283 qnat-

109 1303 178 1355 tuor
196 1301 226 1353 et
245 1295 395 1372 sexaginta
414 1293 573 1355 Galliarum
592 1294 725 1354 civitates
748 1292 921 1374 descivisse,
948 1293 1124 1373 adsumptos

109 1385 141 1442 in
160 1384 331 1443 societatem
349 1381 529 1465 Germanos,
547 1382 651 1443 dubias
670 1381 840 1462 Hispanias,
863 1389 983 1462 cuncta,
1002 1388 1037 1441 ut
1056 1400 1124 1444 mos

109 1471 215 1551 famae,
224 1471 225 1474 ’
234 1472 266 1531 in
280 1473 375 1531 mains
389 1471 509 1533 credita.
543 1481 683 1551 optumus
697 1472 824 1549 quisque
838 1471 884 1530 rei
897 1469 1032 1549 publicae
1048 1488 1124 1532 cura

82 1574 96 1614 ⁵
109 1559 271 1621 maerebat:
285 1559 372 1620 rnnlti
381 1559 448 1621 odio
458 1562 659 1639 praesentium
673 1566 703 1619 et
717 1558 856 1637 cupidine
870 1559 1043 1619 mutationis
1058 1563 1125 1622 suis

110 1667 228 1729 qnoque
242 1647 383 1726 periculis
397 1647 589 1728 laetabantur,
604 1646 855 1726 increpabantque
865 1645 1026 1727 Tiberium,
1041 1649 1125 1726 quod

109 1740 140 1798 in
159 1744 241 1798 tanto
260 1753 361 1797 rernm
375 1744 458 1795 motu
472 1734 579 1796 libellis
593 1742 799 1798 accusatorum
813 1737 977 1795 insumeret
991 1753 1123 1814 operam.

110 1844 146 1885 an
175 1824 364 1884 Sacrovirum
391 1825 552 1883 maiestatis
580 1824 704 1884 crimine
731 1840 817 1883 reum
844 1825 876 1882 in
903 1830 1007 1885 senatu
1035 1823 1124 1887 fore?

111 1914 243 1973 extitisse
262 1910 380 1971 tandein
399 1913 492 1991 viros,
512 1913 561 1989 qni
581 1918 720 1972 cruentas
739 1911 881 1989 epistulas
895 1913 985 1971 armis
1000 1912 1124 1974 cohibe-

71 2015 97 2055 ιο
111 2008 185 2060 rent
214 2000 352 2059 miseram
366 2016 471 2077 paoem
484 1998 530 2059 vel
543 1998 621 2060 bello
635 1998 711 2058 bene
725 2002 842 2060 mutari.
870 2007 951 2060 tanto
965 2001 1123 2080 inpensius

110 2090 142 2148 in
160 2088 350 2148 securitatem
368 2088 553 2168 conpositus,
576 2105 673 2166 neque
695 2086 761 2148 loco
780 2105 877 2168 neque
896 2086 979 2149 vultu
997 2097 1122 2171 mutato,

111 2175 163 2237 s'ed
177 2182 211 2236 nt
225 2173 344 2234 solitum
357 2193 411 2254 per
425 2175 491 2235 illos
505 2175 568 2236 dies
583 2177 655 2266 egit,
675 2175 830 2236 altitudine
844 2177 946 2257 animi,
961 2194 998 2236 an
1012 2195 1123 2258 conpe-

109 2272 190 2325 rerat
178 2262 318 2323 tmodica
332 2280 397 2323 esse
412 2270 442 2324 et
456 2262 582 2342 vnlgdtis
595 2255 714 2324 leviora.

176 2347 228 2412 45.
242 2349 365 2411 Interim
375 2351 475 2432 Silius,
489 2370 557 2413 oum
570 2351 736 2431 legionibus
747 2352 862 2422 duabus
871 2352 1020 2434 incedens,
1034 2372 1123 2432 prae-

109 2443 200 2501 missa
218 2439 355 2501 auxiliari
371 2457 461 2501 manu
479 2448 574 2502 vastat
591 2441 797 2520 Sequanorum
818 2459 922 2522 pagos,
946 2443 998 2520 qui
1015 2442 1121 2504 finium

110 2530 236 2591 extremi
254 2536 284 2589 et
297 2527 407 2589 Aeduis
426 2531 604 2590 contermini
621 2531 754 2608 sociique
773 2531 804 2590 in
823 2531 913 2589 armis
931 2536 1023 2591 erant.
1050 2549 1121 2593 mox

110 2617 358 2696 Augustodunum
380 2619 455 2696 petit
477 2635 605 2697 propero
629 2620 758 2700 agmine,
781 2617 964 2678 certantibus
987 2619 1067 2680 inter
1088 2638 1121 2681 se

83 2719 97 2759 s
111 2705 269 2786 sigulieris,
282 2706 426 2767 tremente
441 2708 529 2767 etiarn
539 2709 674 2786 gregario
687 2706 790 2787 milite,
803 2724 841 2767 ne
851 2713 966 2768 suetam
974 2709 1120 2789 requiem,

110 2812 148 2854 ne
171 2794 264 2872 spatia
287 2796 420 2856 noctium
443 2797 645 2875 opperiretur:
668 2795 803 2856 viderent
825 2794 912 2855 modo
930 2794 1071 2857 adversos
1090 2808 1121 2858 et

111 2883 328 2964 aspicerentur3
346 2883 377 2943 id
395 2885 467 2945 satis
485 2883 522 2944 ad
539 2885 701 2944 victoriam.
729 2883 938 2944 duodecimum
956 2884 1035 2963 apud
1048 2883 1121 2964 lapi-

110 2971 177 3031 dem
188 2970 324 3031 Sacrovir
334 2974 494 3051 copiaeque
504 2970 673 3051 patentibus
687 2970 761 3032 locis
774 2988 947 3052 apparuere.
976 2973 1008 3031 in
1022 2973 1120 3035 fronte

111 3066 254 3120 statuerat
272 3059 410 3139 ferratos,
428 3061 460 3119 in
479 3058 619 3119 cornibus
639 3059 789 3139 cohortes,
804 3077 824 3120 a
842 3066 927 3138 tergo
949 3077 1119 3122 semermos.

71 3149 174 3225 10ipse
193 3149 272 3207 inter
289 3148 435 3225 primores
459 3163 536 3225 equo
558 3147 669 3226 insigni
692 3146 787 3227 adire,
812 3165 977 3209 memorare
1002 3157 1120 3210 veteres

111 3234 261 3295 Gallorum
274 3234 383 3312 glorias
397 3251 531 3313 quaeque
545 3232 684 3295 Romanis
698 3235 821 3295 adversa
834 3235 1016 3318 intulissent;
1031 3255 1120 3317 quam

111 3322 217 3382 decora
235 3321 398 3382 victoribus
417 3321 552 3401 libertas,
575 3330 685 3401 quanto
704 3320 909 3385 intolerantior
924 3327 1052 3388 servitus
1066 3328 1120 3388 ite·

110 3427 177 3470 rum
191 3412 285 3471 victis.

182 3507 229 3575 45,
248 3511 264 3561 8
283 3506 375 3563 fronte
393 3507 521 3578 Lt'pat‘us:
540 3505 632 3563 fronte
