2392 3876
275 185 325 239 AB
344 183 504 240 EXOESSU
521 182 677 239 AUGUSTI
694 185 741 239 IV.
759 190 872 268 21725.
1009 185 1073 249 135

63 342 187 414 statuae,
201 341 231 393 et
244 332 340 394 adhuc
354 331 490 411 raptabat
503 332 632 392 Africam
646 331 824 413 Tacfarinas,
839 339 944 393 auctus
957 331 1072 393 hlauro-
1086 346 1100 387 a

64 441 132 483 rum
155 421 283 502 auxiliis,
308 423 372 501 qui,
396 419 562 481 Ptolemaeo
585 419 674 480 lubae
697 419 758 480 filio
776 422 896 481 iuventa
913 423 1073 500 incurioso,

64 510 186 571 libertos
205 511 303 589 regios
322 516 353 569 et
371 508 487 569 servilia
505 510 629 588 imperia
643 507 719 569 bello
733 515 926 570 mutaverant.
954 516 1018 569 erat
1030 508 1074 569 illi

63 598 240 677 praedarum
262 604 399 676 receptor
422 615 455 658 ac
479 599 578 657 socius
601 594 761 675 populandi
784 614 837 656 rex
856 597 1073 676 Garamantum,

64 705 123 747 non
147 694 180 748 ut
205 681 273 748 cum
297 687 430 746 exercitu
453 684 617 764 incederet,
641 684 693 745 sed
716 687 815 745 missis
834 684 947 746 levibus
971 687 1073 765 copiis,

64 794 139 855 quae
155 793 191 835 ex
206 774 367 853 longinquo
382 775 414 833 in
428 776 523 834 maius
533 773 741 854 audiebantur3
755 775 877 852 ipsaque
888 775 1073 855 eprovincia,
1088 786 1114 826 ιο

64 872 98 924 ut
113 865 180 942 quis
195 863 313 923 fortuna
326 864 425 942 inops,
439 861 572 922 moribus
585 861 738 942 turbidus,
757 863 925 940 promptius
938 861 1073 941 ruebant,

62 954 134 1030 quia
152 951 259 1011 Caesar
281 958 350 1028 post
372 967 422 1010 res
445 967 461 1009 a
480 948 583 1010 Blaeso
607 957 717 1029 gestas,
741 952 826 1029 quasi
848 949 937 1010 nullis
961 953 1019 1010 iam
1042 951 1073 1009 in

64 1038 162 1098 Africa
182 1036 331 1118 hostibus,
350 1040 497 1116 reportari
510 1055 618 1098 nonam
631 1036 776 1118 legionem
791 1040 931 1118 iusserat,
949 1055 1005 1099 ncc
1018 1056 1073 1117 pro

63 1125 186 1187 consule
202 1128 265 1186 eius
280 1128 350 1187 anni
363 1125 393 1186 P.
404 1124 550 1186 Dolabella
564 1128 694 1186 retinere
708 1143 798 1186 ausus
813 1134 885 1206 erat,
898 1128 979 1187 iussa
993 1127 1073 1204 prin·

63 1217 140 1294 cipis
153 1216 247 1293 magis
261 1233 349 1293 quarn
363 1215 477 1275 incerta
490 1213 561 1274 belli
574 1220 718 1274 metuens.
1087 1226 1112 1268 ιι

130 1301 181 1363 24.
211 1302 305 1381 igitur
327 1303 498 1363 Tacfarinas
526 1302 660 1379 disperso
683 1319 803 1361 rumore
827 1320 891 1362 rem
914 1301 1074 1363 Romanam

63 1391 129 1451 aliis
153 1409 270 1469 quoque
294 1389 330 1451 ab
353 1389 522 1450 nationibus
549 1389 674 1448 lacerari
696 1406 790 1466 eoque
813 1388 953 1466 paulatim
976 1390 1075 1450 Africa

64 1477 222 1557 decedere,
241 1496 275 1538 ac
293 1495 380 1555 posse
398 1475 530 1555 reliquos
549 1477 771 1555 circumveniri,
790 1479 815 1536 si
833 1479 947 1557 cuncti,
966 1477 1074 1555 quibus

65 1565 187 1625 libertas
202 1567 323 1625 servitio
337 1567 447 1644 potior,
467 1558 686 1643 incubuissent,
697 1571 794 1648 ⁸auget
813 1566 891 1623 vires
910 1567 1074 1642 positisque

65 1655 173 1714 castris
192 1651 385 1714 Thubuscum
404 1652 546 1730 oppidum
565 1651 763 1712 circumsidet.
794 1659 823 1711 at
841 1650 988 1712 Dolabella
1007 1664 1101 1712 eon-⁵

65 1749 161 1802 tracto
188 1740 267 1820 quod
287 1747 350 1801 erat
367 1740 508 1820 militnm,
530 1747 646 1801 terrore
669 1741 797 1801 nominis
816 1739 940 1800 Romani
958 1747 988 1801 et
1007 1742 1076 1819 quia

63 1829 208 1890 Numidae
226 1830 361 1907 peditum
378 1830 472 1892 aciem
490 1829 569 1889 ferre
588 1835 753 1908 nequeunt,
776 1829 872 1906 primo
891 1831 938 1888 sui
956 1831 1076 1889 incessu

63 1918 152 1980 solvit
162 1916 310 1978 obsidium
318 1917 512 1996 locorumque
522 1923 687 1997 opportuna
696 1916 1075 1997 permunivit3simulprin-

64 2010 147 2086 cipes
160 2005 404 2067 Musulamiorum
419 2005 615 2067 delectionem
629 2012 800 2083 coeptantes
818 2007 918 2066 securi
936 2007 1075 2084 percutit.

63 2095 146 2174 dein,
170 2097 238 2173 quia
261 2093 397 2173 pluribus
420 2094 577 2155 adversum
599 2093 815 2156 Tacfarinatem
837 2094 1075 2172 expeditionibus
1089 2106 1117 2147 1⁰

65 2183 229 2263 cognitum,
247 2201 307 2243 non
325 2183 407 2261 gravi
425 2200 481 2243 nec
499 2200 559 2243 uno
578 2184 702 2244 incursu
716 2183 946 2243 consectandum
959 2183 1075 2244 hostem
1149 2192 1151 2195 ’

64 2289 184 2351 vagum,
211 2272 308 2331 excito
336 2289 405 2332 cum
432 2270 625 2349 popularibus
652 2287 723 2347 rege
746 2269 912 2331 Ptolemaeo
936 2278 1076 2349 quattuor

64 2361 181 2438 agmina
196 2366 293 2438 parat,
313 2377 388 2437 quae
402 2357 506 2436 legatis
520 2366 572 2419 aut
585 2358 714 2418 tribunis
729 2357 808 2439 data,
827 2365 858 2418 et
874 2359 1075 2437 praedatorias

64 2465 173 2508 manus
192 2446 300 2508 delecti
318 2445 488 2507 Maurorum
508 2445 632 2507 duxere:
650 2449 714 2525 ipse
733 2444 887 2506 consultor
900 2447 1002 2507 aderat
1016 2465 1075 2507 om·

64 2535 162 2596 nibus.
1090 2546 1116 2588 rs

133 2618 184 2691 25.
212 2620 273 2682 Nee
296 2619 390 2681 multo
412 2627 481 2699 post
503 2582 635 2681 adfertur
657 2621 799 2682 Numidas
822 2619 900 2699 apud
923 2619 1077 2681 castehum

66 2711 258 2788 semirutum,
277 2707 341 2767 ab
332 2709 406 2786 ipsis
425 2707 598 2786 quondam
591 2726 758 2790 incensum,
777 2711 827 2769 cui
844 2725 953 2768 nomen
971 2709 1076 2790 Auzea,

65 2797 172 2876 positis
189 2794 353 2873 mapalibus
372 2795 554 2875 consedisse,
577 2796 648 2856 fisos
665 2794 744 2875 loco,
767 2798 836 2875 quia
854 2799 944 2858 vastis
963 2799 1076 2859 circum

66 2882 191 2945 saltibus
205 2882 405 2944 claudebatur.
437 2891 502 2944 tuna
516 2884 669 2963 expeditae
684 2882 821 2945 cohortes
835 2882 968 2968 alae'que,
988 2905 1076 2966 quam

60 2976 96 3044 ,in
110 2979 226 3052 partem
240 2971 421 3034 ducerentur
434 2974 566 3053 ignarae,
580 2974 640 3033 cito
655 2973 769 3052 agmine
783 2974 948 3053 rapiuntur.
976 2974 1075 3035 simul-
1089 2986 1103 3026 ⁶

66 3080 124 3142 que
139 3068 262 3141 coeptus
282 3060 345 3121 dies
360 3069 390 3122 et
404 3068 550 3122 concentu
564 3060 704 3123 tubarum
722 3079 756 3122 ac
775 3064 853 3124 truci
867 3062 994 3124 clamore
1009 3063 1076 3123 ade·
1097 3078 1099 3085 ·

64 3157 134 3211 rant
153 3151 348 3210 semisomnos
366 3151 397 3210 in
416 3148 570 3230 barbaros,
588 3150 769 3230 praepeditis
782 3149 977 3212 Numidarum
991 3143 1075 3230 equis

64 3244 116 3299 aut
138 3237 271 3299 diversos
296 3245 400 3316 pastus
423 3238 656 3316 pererrantibus.
701 3237 738 3298 ab
761 3238 901 3300 Romanis
925 3238 1076 3299 confertus

136 3371 181 3438 24,
201 3377 217 3427 ὅ
235 3371 439 3428 Thubursicum
456 3371 680 3441 Nipperdfflf
677 3374 796 3430 ..adnot
811 3373 848 3428 od
859 3371 927 3427 Vict.
940 3371 994 3427 Vu.
1013 3373 1075 3427 bist.

62 3458 132 3511 pers.
158 3413 284 3511 fatue
287 3447 344 3499 61
361 3448 416 3498 etot
432 3442 564 3498 2an.
584 3374 683 3500 W
688 3441 1075 3512 V111p1778qq.lisui.

64 3513 163 3566 statim
176 3514 324 3568 Acidaliae
339 3517 343 3582 Ι
362 3519 393 3568 12
408 3514 522 3582 recepto
540 3511 650 3568 leameo

10 3753 72 3837 ea·
150 3832 154 3837 ,
