2408 3870
116 197 181 260 154
465 192 635 248 CORNELII
651 191 770 250 TACITI

113 345 249 421 cepisset.
291 361 358 403 nam
380 341 567 402 dubitaverat
588 342 740 419 Angustus
761 339 988 421 Germanicum,
1012 343 1126 400 sororis

113 439 251 512 nepotem
273 440 303 493 et
326 432 442 492 cunctis
461 428 624 510 laudatum,
647 432 692 491 rei
710 428 858 489 Romanae
877 429 1049 509 imponere,
1074 430 1126 490 sed

112 520 253 600 precihus
272 522 373 581 uxoris
391 521 506 580 evictus
520 517 640 578 'liberio
654 517 877 597 Germanicum,
894 516 953 576 sibi
968 515 1126 578 liberium

113 609 244 670 adscivit.
281 607 370 686 idque
384 609 516 685 Augusta
535 605 740 686 exprobrabat,
759 603 943 684 reposcebat.

178 694 230 759 58.
254 695 402 756 Profectio
416 703 480 756 arto
495 697 636 755 comitatu
650 693 719 754 luit:
737 711 816 754 unus
831 700 950 753 senator
960 693 1124 754 consulatu

112 787 241 864 functus,
261 782 402 844 Cocceius
420 781 524 863 Nerva,
543 785 593 843 cui
611 782 708 861 legum
727 783 846 861 peritia,
863 796 957 860 eques
971 781 1125 843 Romanus

112 882 231 953 praeter
250 871 390 932 Seianum
408 889 444 931 ex
463 869 640 931 inlustribus
653 870 776 932 Curtius
789 871 918 948 Atticus,
937 872 1034 930 ceteri
1054 869 1124 931 libe-

113 960 225 1021 ralibus
244 958 352 1020 studiis
369 957 510 1038 praediti,
533 959 625 1018 lerme
644 957 762 1040 Graeci,
784 968 913 1037 qnorum
931 958 1124 1019 sermonibus

86 1049 269 1109 elevaretur.
302 1046 449 1107 terebant
473 1049 563 1125 periti
586 1046 757 1108 caelestium
779 1049 816 1106 iis
839 1045 970 1106 motibus
987 1047 1124 1108 siderum

113 1138 276 1198 excessisse
295 1135 386 1196 Roma
405 1134 571 1215 Tiberium,
590 1143 624 1196 ut
641 1135 757 1196 reditus
775 1134 818 1195 illi
836 1141 1006 1214 negaretur.
1043 1136 1123 1197 unde

113 1227 195 1285 exitii
214 1242 302 1285 causa
320 1223 420 1284 multis
439 1224 496 1286 fuit
513 1240 676 1302 properum
690 1223 779 1284 tinem
792 1223 869 1283 vitae
883 1223 1124 1286 coniectantibus

112 1312 373 1395 vulgantibusque5
392 1314 587 1392 nequeenim
606 1320 665 1372 tam
682 1310 888 1373 incredibilem
908 1324 1012 1371 casum
1024 1314 1124 1390 provi·

114 1401 234 1484 debant,
259 1410 294 1463 ut
316 1402 454 1463 undecim
476 1419 531 1480 per
549 1418 642 1461 annos
660 1397 756 1460 libens
773 1401 867 1478 patria
886 1407 1013 1460 careret.
1054 1412 1121 1461 mox

72 1510 99 1550 ιο
113 1495 209 1570 patuit
230 1491 321 1552 breve
339 1491 500 1552 confinium
518 1491 591 1550 artis
608 1496 640 1549 et
658 1487 736 1568 ialsi,
761 1505 888 1566 veraque
907 1504 998 1566 quam
1017 1487 1123 1550 obscu-

114 1583 156 1641 ris
175 1588 355 1659 tegerentnr.
387 1598 455 1641 nam
474 1582 504 1639 in
523 1577 628 1638 urbem
646 1594 706 1637 non
724 1592 932 1656 regressurum
950 1575 1032 1636 band
1045 1577 1123 1638 iorte

114 1669 238 1731 dictum:
261 1678 430 1729 ceterorum
452 1668 547 1727 nescii
569 1682 668 1745 egere,
693 1683 762 1725 cum
784 1666 952 1743 propinquo
976 1672 1050 1726 min
1074 1676 1124 1727 aut

113 1757 200 1817 litore
226 1765 256 1817 et
279 1773 366 1833 saepe
390 1756 505 1815 moenia
530 1753 614 1815 urbis
633 1753 771 1814 adsidens
790 1761 953 1813 extremam
972 1759 1123 1816 senectam

114 1843 313 1923 compleverit.

202 1929 254 1992 59.
277 1931 319 1990 Ac
337 1930 413 1989 forte
431 1928 490 1989 illis
508 1928 614 1989 diebus
632 1929 763 1990 oblatum
778 1928 896 1989 Caesari
915 1946 1027 2007 anceps
1045 1933 1122 2008 peri·

114 2018 215 2079 culum
238 2020 320 2077 anxit
342 2034 415 2076 vana
433 2019 562 2077 rumoris
580 2017 777 2096 praebuitque
798 2019 858 2096 ipsi
880 2019 1045 2098 materiem,
1069 2037 1123 2079 cur

114 2107 259 2166 amicitiae
282 2106 523 2184 constantiaeque
543 2105 643 2166 Seiani
659 2108 753 2186 magis
771 2105 885 2166 fideret.
924 2105 1123 2167 vescebantur

114 2196 144 2253 in
160 2192 234 2273 villa,
249 2195 298 2253 cui
311 2191 486 2253 vccabulum
497 2192 675 2274 Speluncae,
688 2211 770 2254 mare
780 2193 995 2254 Amunclanum
1005 2196 1086 2255 inter
1096 2202 1124 2257 et

86 2281 273 2342 anndanos
290 2287 420 2361 montes,
445 2284 543 2342 nativo
561 2284 592 2342 in
611 2299 711 2360 specu.
754 2285 819 2343 elus
838 2300 871 2342 cs
890 2282 980 2361 lapsis
998 2293 1122 2362 repente

115 2372 193 2430 saxis
208 2369 307 2430 obruit
317 2369 459 2448 quosdam
472 2373 638 2431 ministros:
656 2369 727 2431 hinc
739 2378 838 2432 metus
851 2373 883 2431 in
897 2387 1000 2431 omnes
1013 2371 1123 2450 etinga

114 2477 226 2541 eorum,
249 2461 301 2538 qui
320 2459 486 2519 convivium
504 2457 700 2520 celebrabant.
738 2457 863 2520 Seianas
880 2470 960 2537 genu
978 2459 1122 2538 vultuque

115 2556 146 2610 et
158 2548 294 2610 manibus
308 2564 398 2625 super
413 2546 566 2608 Gaesarem
581 2564 744 2627 suspensus
758 2549 897 2626 opposuit
909 2565 976 2608 sese
990 2546 1122 2608 inciden-

113 2637 207 2716 tibus,
226 2644 314 2716 atque
328 2635 432 2696 babitu
445 2635 498 2696 tali
510 2643 648 2715 repertus
663 2644 708 2697 est
722 2654 738 2696 a
751 2635 908 2716 militibus,
919 2637 975 2715 qui
988 2634 1122 2696 subsidia

74 2733 263 2785 invenerant.
300 2726 393 2785 maior
412 2741 448 2785 ex
466 2742 515 2806 ec,
533 2733 563 2785 et
580 2737 759 2804 quamquam
776 2725 899 2784 exitiosa
919 2723 1070 2802 suaderet,
1089 2732 1124 2784 ut

114 2829 174 2871 non
188 2812 236 2871 sui
249 2814 367 2892 anxius,
381 2830 449 2874 cum
464 2813 521 2874 lide
536 2812 719 2874 audiebatur.
747 2810 999 2890 adsimulabatque
1014 2812 1123 2873 iudicis

114 2906 215 2978 partes
233 2898 390 2959 adversum
409 2900 577 2961 Germanici
595 2903 731 2981 stirpem,
755 2899 882 2962 subditis
902 2902 953 2979 qui
971 2907 1124 2961 accusato

115 3004 182 3048 rum
200 2988 319 3047 nomina
337 2989 519 3049 sustinerent
536 2989 723 3067 maximeque
741 2991 960 3072 insectarentur
974 2987 1124 3050 Neronem

114 3077 281 3154 proximum
300 3076 483 3136 successioni
502 3082 546 3156 et,
565 3093 743 3155 quamquam
760 3076 893 3138 modesta
911 3078 1044 3156 inventa,
1062 3075 1124 3155 ple-

74 3179 101 3219 15
115 3182 240 3244 rumque
264 3172 361 3224 tamen
386 3163 456 3242 quid
479 3165 510 3222 in
533 3166 767 3241 praesentiarum
791 3165 971 3225 conduceret
989 3164 1124 3243 oblitum,

115 3253 185 3314 dum
205 3271 221 3314 a
239 3252 354 3314 libertis
372 3258 402 3311 et
420 3250 592 3334 clientibus,
616 3251 791 3332 apiscendae
809 3254 959 3333 potentiae
974 3254 1125 3334 properis,

131 3524 136 3535 .
185 3456 231 3524 59,
246 3457 457 3511 tAmuclanum
465 3455 619 3513 Beroaldne
634 3460 640 3528 1
656 3459 685 3512 et
698 3458 762 3514 add.
771 3456 989 3529 Berambcrperl
1006 3462 1021 3512 ἵ
1035 3457 1127 3530 genu]

114 3543 177 3581 sinu
198 3528 316 3599 Probat}
335 3533 367 3583 lt
384 3526 656 3598 inpresentiarum
674 3529 715 3584 ea'o
732 3528 818 3584 divise
