2392 3876
90 172 154 236 342
441 169 611 225 CORNELII
628 170 748 227 sacrm

156 316 207 382 50.
226 319 304 399 Ergo
323 320 395 381 dnm
414 318 526 381 scelera
544 322 700 401 principis,
724 327 755 381 et
776 321 866 381 finem
884 321 994 383 adesse
1014 324 1116 404 impe-

90 411 134 470 rio
149 408 404 489 deligendumque,
420 410 471 488 qui
485 409 572 469 fessls
586 408 676 470 rebus
691 416 894 491 succurreret,
908 411 993 472 inter
1007 429 1042 472 sc
1059 422 1115 475 aut

89 500 167 561 inter
195 500 304 559 amicos
332 499 459 579 iaciunt,
490 497 687 575 adgregavere
715 496 868 558 Claudium
895 497 1113 582 Senecionem,

90 587 261 647 Cervarium
271 584 609 666 Proculum,Vulcatium
619 587 781 667 Araricum,
790 584 1111 670 luliumdugurinum,

63 691 76 731 5
90 675 253 736 Munatium
269 675 400 755 Gratum,
410 675 569 734 Antonium
579 672 719 754 Natalem,
730 674 1012 756 llarcinml'estum,
1021 680 1110 757 equi-

90 772 135 825 tes
154 764 308 824 Romanos.
346 781 381 822 ex
400 761 508 841 quibus
527 760 665 843 Senecio,
691 781 707 823 e
725 765 885 843 praecipua
903 763 1109 828 familiaritate

89 852 228 934 Neronis,
252 853 381 931 speciem
399 852 545 911 amicitiae
564 853 734 912 etiamtum
752 853 886 912 retinens
904 868 940 912 eo
962 852 1109 931 pluribus

89 940 231 1021 periculis
246 937 484 1001 conflictabatur:
501 937 613 1000 Natalis
632 941 780 1019 particeps
799 940 835 1000 ad
849 957 935 1002 omne
949 949 1108 1004 secretum

90 1030 192 1089 Pisoni
210 1036 287 1107 erat,
300 1029 415 1093 ‚ceteris
434 1045 503 1108 spes
521 1045 556 1089 ex
570 1030 655 1088 novis
669 1027 760 1089 rebus
779 1027 943 1107 petebatur.
971 1029 1107 1093 adscitae

51 1135 76 1174 1o
91 1124 160 1178 sunt
175 1134 265 1196 super
276 1115 417 1177 Subrium
431 1124 461 1178 et
471 1116 644 1197 Sulpicium,
659 1116 694 1177 de
709 1117 818 1196 quibus
832 1116 943 1198 rettuli,
956 1117 1107 1181 militares

90 1223 207 1286 manus,
227 1205 335 1266 Gavius
355 1203 490 1266 Silvanus
509 1213 539 1266 et
558 1203 670 1266 Statius
688 1204 845 1266 Proximus
862 1204 978 1267 tribuni
996 1205 1106 1269 eohor-

90 1296 164 1355 tium
179 1296 407 1375 practoriarnm,
422 1293 566 1355 Maximus
580 1293 710 1355 Scaurus
725 1300 756 1354 et
769 1292 899 1355 Venetus
907 1293 1019 1356 Paulus
1033 1314 1106 1357 cen·

90 1386 232 1445 turinnes.
261 1384 313 1444 sed
328 1401 476 1445 summum
490 1382 583 1443 robur
596 1383 628 1442 in
642 1381 750 1442 Faenio
765 1381 842 1443 Rufo
855 1383 1008 1461 praefecto
1022 1385 1106 1446 vidc-

90 1473 191 1553 batur,
211 1490 299 1553 quem
318 1473 377 1533 vita
395 1473 529 1551 famaque
548 1470 698 1532 laudatum
716 1487 771 1550 per
789 1473 940 1532 saevitiam
953 1472 1107 1550 inpudici·

52 1564 220 1639 etiamque
235 1559 397 1640 Tigellinus
415 1562 447 1621 in
460 1561 557 1620 animo
576 1561 719 1638 principis
738 1558 881 1640 anteibat,
901 1558 1106 1641 fatigabatque

91 1649 347 1711 criminationibus
362 1667 395 1710 ac
408 1666 495 1727 saepe
505 1650 536 1709 in
546 1655 657 1708 metum
667 1647 829 1709 adduxerat
838 1649 924 1728 quasi
933 1647 1107 1711 adulterum

90 1738 268 1818 Agrippinae
283 1745 313 1798 et
327 1736 474 1798 desiderio
489 1739 552 1797 eius
566 1735 673 1797 ultioni
686 1738 842 1798 intentum.
865 1738 956 1815 igitur
969 1734 1106 1800 ubicon·

90 1830 195 1889 iuratis
222 1826 404 1906 praefectum
428 1843 546 1906 quoque
570 1826 712 1904 praetorii
733 1826 765 1886 in
787 1831 887 1903 partes
910 1824 1105 1887 descendisse

91 1916 197 1977 erebro
216 1918 310 1994 ipsius
325 1931 460 1975 sermone
475 1915 551 1975 faeta
565 1913 648 1993 fides,
661 1916 828 1994 promptius
842 1915 901 1974 iam
914 1912 951 1974 de
965 1920 1105 1992 tempore

52 2022 77 2062 eo
91 2024 125 2066 ae
143 2003 208 2065 loco
227 2004 326 2064 caedis
344 2001 500 2081 agitabant.
538 2010 568 2063 et
591 2004 706 2082 cepisse
729 2004 871 2081 impetum
892 2000 1019 2063 Subrius
1037 2001 1104 2064 Fla-

90 2109 145 2154 rus
160 2091 310 2152 ferebatur
324 2093 355 2151 in
370 2107 475 2150 scaena
490 2097 644 2151 canentem
657 2089 805 2150 Neronem
823 2089 1029 2171 adgrediendi,
1051 2099 1105 2153 ent
1186 2075 1188 2101 ⁴

91 2198 159 2241 cnm
178 2179 299 2239 ardente
324 2178 410 2238 domo
433 2196 487 2257 per
509 2186 627 2239 noctem
644 2178 704 2239 hue
727 2177 797 2240 illuc
816 2185 952 2240 cursaret
969 2179 1102 2241 incusto-

91 2269 178 2330 ditus.
211 2268 259 2327 hie
279 2268 393 2328 occasio
412 2264 592 2346 solitudinis,
615 2265 658 2327 ibi
680 2268 745 2346 ipsa
767 2267 934 2348 frequentia
957 2269 1032 2328 tanti
1051 2268 1103 2330 de·
1186 2318 1188 2323 .

91 2358 169 2418 coris
188 2358 272 2417 testis
293 2355 493 2437 pulcherrima
516 2357 645 2417 animum
669 2353 941 2437 exstimudaverant,
964 2358 1024 2418 nisi
1046 2358 1101 2419 im·
1188 2388 1190 2409 ÷

51 2463 76 2506 es
91 2447 233 2527 punitatis
254 2446 362 2525 cupido
381 2446 567 2525 retinuisset,
595 2446 709 2523 magnis
731 2461 849 2541 semper
871 2443 1028 2507 conatibus
1051 2445 1102 2508 ad-

91 2555 208 2686 versgf.
232 2623 353 2685 lnterim
374 2621 583 2685 cunctantibus
601 2622 875 2702 prolatantibusque
894 2639 978 2702 spem
992 2641 1026 2683 ac
1040 2641 1102 2684 me-

90 2723 154 2774 tum
172 2712 327 2791 Epicharis
341 2712 497 2793 quaedam,
519 2712 667 2772 incertum
690 2727 818 2790 quonam
840 2710 928 2772 modo
951 2712 1104 2772 sciscitata

92 2794 203 2882 (neque
223 2800 266 2860 illi
285 2809 353 2861 ante
372 2799 431 2861 ulla
449 2816 551 2860 rerum
565 2798 757 2860 honestarum
771 2817 842 2860 cura
857 2793 976 2879 fuerat),
997 2815 1103 2862 accen·

91 2889 161 2949 dere
176 2895 206 2949 et
220 2905 348 2965 urguere
363 2890 541 2968 coniuratos,
555 2905 589 2948 ac
603 2896 786 2966 postremum
801 2886 986 2949 lentitudinis
996 2886 1103 2949 eornm

162 3095 243 3164 tun
271 3093 451 3162 deligendum
476 3093 592 3163 quique,
619 3109 667 3148 ent.
693 3094 862 3150 Puteolanus
887 3095 891 3162 1
914 3099 932 3148 3
952 3091 1103 3149 Claudium

92 3163 504 3232 Ritterztullium,cfi13,12
528 3168 533 3233 l
557 3162 762 3234 fuulgecium,
788 3182 835 3222 een.
858 3164 1010 3220 Rhenanus
1034 3165 1040 3233 Ι
1067 3169 1100 3221 19

94 3235 229 3292 sermonis
245 3242 249 3302 1
266 3242 300 3290 22
319 3234 471 3289 abscedens
490 3234 573 3290 domo
592 3234 707 3306 Haeret
723 3241 758 3290 24
774 3233 964 3305 pulcherrime
981 3234 1103 3291 Urlielte:

93 3307 310 3380 pulcherrimum
323 3305 551 3377 (pulcherrimum
564 3306 602 3360 ed
614 3304 723 3360 focinus
739 3307 833 3374 Orelli)
849 3308 854 3375 l
870 3302 1105 3362 exstimulsnernt

93 3387 157 3436 ente
174 3385 284 3435 veterem
302 3379 503 3442 correctionem,
527 3378 738 3445 efied16,20
762 3380 766 3447 Ι
791 3375 871 3444 51,1
896 3389 946 3444 spe
969 3389 1004 3429 so
1025 3377 1104 3433 metu

93 3451 216 3520 Lipsius,
236 3465 314 3520 spem
331 3448 406 3504 inter
424 3463 457 3503 ee
474 3450 580 3502 metum
601 3449 743 3503 audatius
758 3453 762 3516 Ι
778 3452 795 3500 t
813 3459 932 3514 urguere
952 3444 1104 3518 Pluygers:

93 3536 211 3591 arguere
959 3554 982 3581 .-
