2392 3876
295 195 344 249 AB
364 193 524 250 EXOESSU
542 194 698 251 AUGUSTI
716 195 762 251 VI.
785 201 898 252 tlt-50.
1017 196 1081 260 195

72 354 149 405 ctam
167 344 364 424 toleravisset,
383 344 434 406 diu
454 343 575 426 Seiano,
598 362 678 406 nunc
697 344 841 424 llacroni,
860 362 978 424 semper
996 344 1085 406 alicui

72 436 238 512 potentium
255 435 380 513 invisus,
403 450 464 493 non
483 432 584 513 culpa,
608 432 659 493 sed
680 440 713 494 ut
731 432 910 511 flagitiorum
928 435 1082 512 inpatiens.

73 539 142 582 sane
157 540 266 601 pancos
280 522 316 582 ad
331 539 469 600 suprema
483 523 627 600 principis
641 521 705 582 dies
719 539 806 600 posse
821 523 920 582 vitari:
939 539 1027 601 quem
1046 521 1083 581 ad

71 611 191 670 modum
215 627 372 671 evasurum
391 612 572 671 imminentis
590 606 762 670 iuventam?
784 627 835 690 an,
858 629 926 670 cum
944 609 1082 670 ‘liberius

71 706 139 778 post
161 707 272 760 tantam
298 716 399 758 rerum
418 700 631 777 experientiam
649 700 677 758 vi
696 698 904 759 dominationis
923 698 1082 760 convulsus
1096 712 1122 751 1⁰

72 795 102 849 et
120 794 252 849 mutatus
271 790 323 866 sit,
341 785 445 847 Gaium
460 786 616 847 Caesarem
630 789 678 846 vix
692 787 773 847 linita
788 788 929 867 pueritia,
947 789 1083 864 ignarum

73 878 204 936 omnium
222 882 273 936 aut
291 876 428 953 pessimis
446 877 640 955 innutritum,
658 874 780 939 meliora
794 877 1011 954 capessiturum
1024 874 1083 934 Ma-

73 981 164 1023 crone
188 963 279 1043 duce,
302 965 406 1041 quint
425 961 555 1023 deterior
573 963 609 1023 ad
628 963 856 1041 opprimendum
876 962 1016 1023 Seianum
1034 963 1083 1023 de·

74 1052 168 1111 lectus
187 1050 273 1130 plura
292 1068 346 1129 per
364 1048 477 1110 scelera
495 1068 559 1110 rem
577 1050 725 1129 publicam
744 1049 993 1113 conflictavisset?
1015 1069 1082 1130 pro·

74 1145 207 1217 spectare
231 1141 288 1198 iam
308 1156 339 1198 se
358 1139 457 1199 acrius
476 1139 643 1218 servitium,
667 1157 760 1218 eoque
784 1140 887 1218 lugere
912 1139 1001 1200 simul
1019 1147 1123 1200 acta1⁵

74 1237 104 1288 et
127 1229 275 1288 instantia.
312 1225 385 1287 baec
408 1227 483 1287 vatis
502 1228 533 1286 in
551 1226 672 1287 modum
691 1227 830 1289 dictitans
847 1245 936 1289 venas
954 1227 1083 1289 resolvit.

73 1317 251 1377 documento
267 1315 421 1394 sequentia
436 1322 525 1376 erunt
538 1313 614 1375 bene
624 1314 800 1376 Arruntium
812 1323 907 1377 morte
917 1335 1014 1377 usum.
1036 1315 1083 1376 ΑΙ-

74 1403 182 1463 bucilla
201 1405 291 1464 inrito
310 1406 371 1463 ictu
391 1401 428 1462 ab
447 1411 541 1463 semet
560 1401 711 1463 vulnerata
730 1405 814 1464 iussu
833 1411 954 1464 senatus
971 1406 1003 1464 in
1022 1423 1083 1464 car·

75 1509 173 1552 cerem
192 1491 295 1551 fertur.
333 1497 506 1569 stuprorum
524 1492 588 1550 eius
607 1490 749 1570 ministri,
768 1488 1083 1552 Carsidius'Sacerdos

73 1581 240 1659 praetorius
258 1581 341 1638 utin
365 1578 491 1639 insulam
514 1579 734 1659 deportaretur,
752 1578 875 1640 Pontius
894 1579 1083 1658 Fregellanus
1097 1593 1124 1632 20

74 1670 223 1728 amitteret
237 1666 371 1727 ordinem
385 1669 579 1747 senatorium,
599 1674 629 1728 et
647 1668 766 1728 eaedem
780 1685 892 1746 poenae
906 1670 938 1727 in
952 1666 1084 1728 Laelium
1162 1664 1164 1668 '

74 1747 197 1816 Balbum
217 1755 432 1835 decernuntur,
450 1755 480 1816 id
500 1756 619 1836 quidem
638 1773 655 1815 a
673 1755 865 1835 laetantibus,
889 1758 958 1836 quia
976 1756 1084 1817 Balbus

75 1846 153 1905 truci
167 1843 335 1922 eloquentia
348 1842 526 1924 habebatur,
540 1852 695 1923 promptus
710 1844 866 1913 adversum
881 1847 1022 1905 insontes.

140 1929 192 1994 49.
210 1932 307 1992 lsdem
326 1931 431 1992 diebus
446 1932 512 1992 Sex.
526 1932 666 2011 Papinius
684 1932 834 1994 consulari
852 1932 960 1993 familia
979 1951 1083 2012 repen-

74 2023 169 2082 tinum
184 2027 214 2081 et
228 2021 384 2080 informem
398 2021 510 2081 exitum
525 2020 641 2101 delegit,
656 2022 733 2081 iacto
747 2023 779 2080 in
793 2039 935 2100 praeceps
950 2032 1082 2101 corpore.
1174 2081 1177 2085 ⁴

74 2128 162 2170 causa
177 2108 213 2169 ad
228 2119 352 2169 matrem
366 2108 564 2189 referebatur,
584 2127 659 2188 qnae
678 2110 794 2188 pridem
813 2111 967 2189 repudiata
981 2111 1083 2171 adsen-

75 2196 236 2258 tationibus
250 2205 338 2277 atque
353 2196 424 2257 luxu
438 2197 618 2276 perpulisset
632 2200 768 2258 iuvenem
783 2197 818 2258 ad
834 2216 880 2278 ea,
902 2217 1029 2278 quorum
1044 2199 1082 2258 ei-

74 2287 188 2363 ingium
206 2302 266 2345 non
285 2286 344 2345 nisi
362 2293 456 2346 morte
475 2288 630 2346 inveniret.
657 2287 749 2364 igitur
770 2294 906 2347 accusata
925 2288 956 2347 in
970 2296 1110 2367 senatn,⁵

75 2391 254 2453 quamquam
266 2391 362 2451 genua
372 2380 489 2451 patrum
499 2373 705 2435 advolveretur
714 2373 887 2453 luctumque
898 2393 1084 2435 communem

75 2470 105 2523 et
122 2464 215 2541 magis
233 2460 405 2521 inbecillum
425 2460 474 2521 tali
493 2479 583 2540 super
597 2478 668 2522 casn
683 2461 858 2522 laminarum
873 2464 1003 2522 animum
1017 2463 1084 2522 alia-

75 2569 133 2630 que
147 2552 179 2610 in
193 2549 320 2628 eundem
334 2547 466 2609 dolorem
480 2556 590 2609 maesta
604 2556 635 2610 et
648 2549 813 2610 miseranda
828 2549 879 2608 diu
893 2550 993 2630 ferret,
1010 2549 1084 2610 nrbe

75 2648 173 2697 tamen
187 2639 219 2696 in
233 2636 337 2696 decem
350 2653 442 2695 annos
456 2635 605 2714 prohibita
619 2644 673 2716 est,
687 2637 780 2697 donec
795 2639 892 2696 minor
906 2637 984 2697 lilius
994 2638 1084 2699 lubri-

76 2743 144 2785 cum
158 2727 294 2785 iuventae
310 2725 412 2783 exiret.
1097 2741 1123 2780 ιο

43 2809 45 2813 ’
142 2809 193 2874 50.
212 2811 273 2872 lam
286 2810 439 2872 'liberium
453 2829 576 2892 corpus,
596 2815 653 2873 iam
668 2814 759 2894 vires,
774 2814 906 2874 nondum
920 2815 1084 2885 dissimula-

76 2905 117 2963 tio
137 2899 305 2962 deserehat:
325 2900 402 2960 idern
421 2900 511 2960 animi
530 2902 623 2982 rigor,
643 2919 778 2963 sermone
798 2920 831 2963 ac
850 2902 933 2965 vultu
951 2904 1084 2964 intentus

76 2992 207 3072 quaesita
222 2988 372 3050 interdum
390 2991 532 3055 comitate,
542 2992 675 3069 quamvis
689 2989 874 3053 manifestam
888 2991 1083 3054 deiectionem

75 3079 200 3159 tegebat
236 3078 417 3156 mutatisque
436 3081 553 3156 saepius
572 3078 645 3140 locis
668 3080 793 3157 tandem
809 3081 886 3159 apud
911 3088 1083 3159 promuntu-

75 3171 153 3229 rium
171 3166 277 3228 bliseni
294 3165 429 3227 consedit
447 3167 478 3226 in
496 3166 576 3246 villa,
595 3170 644 3228 cni
661 3166 692 3228 L.
708 3167 849 3230 Lucullus
868 3169 1014 3247 quondam
1034 3168 1110 3227 ‹to-⁵

146 3391 192 3458 48,
211 3397 228 3445 8
247 3390 285 3444 ad
303 3404 434 3460 suprema
452 3390 582 3461 Modoip:
604 3391 634 3444 eb
652 3392 801 3459 suprema!
821 3395 851 3445 18
871 3389 906 3444 ab
928 3389 1001 3444 Otto:
1021 3390 1056 3443 ad
1078 3391 1081 3460 l

78 3469 109 3516 19
129 3460 281 3532 presidius,
300 3478 348 3517 nn.
367 3461 512 3516 Reimeius
527 3464 532 3528 Ι
547 3466 582 3515 20
601 3460 776 3530 deportatur,
796 3478 843 3515 em.
862 3461 1013 3516 Rhenanus
1029 3465 1032 3528 Ι
1050 3467 1083 3516 22

76 3534 118 3604 [a]
138 3534 284 3588 Acidaliae
299 3532 305 3602 Ι
320 3532 366 3599 49,
386 3537 401 3585 6
419 3531 532 3600 patrum
549 3531 713 3586 Rhenanus:
732 3529 822 3600 patris

817 3619 869 3673 13*
