<?xml version="1.0" encoding="UTF-8"?>
<!DOCTYPE html PUBLIC "-//W3C//DTD XHTML 1.0 Transitional//EN"
    "http://www.w3.org/TR/xhtml1/DTD/xhtml1-transitional.dtd">
<html xmlns="http://www.w3.org/1999/xhtml" xml:lang="en" lang="en">
 <head>
  <title>
</title>
<meta http-equiv="Content-Type" content="text/html;charset=utf-8" />
  <meta name='ocr-system' content='tesseract 3.04.00' />
  <meta name='ocr-capabilities' content='ocr_page ocr_carea ocr_par ocr_line ocrx_word'/>
</head>
<body>
  <div class='ocr_page' id='page_1' title='image "./libriquisupersu00halmgoog_0090.png"; bbox 0 0 2392 3876; ppageno 0'>
   <div class='ocr_carea' id='block_1_1' title="bbox 290 213 1173 281">
    <p class='ocr_par' dir='ltr' id='par_1_1' title="bbox 290 213 1173 281">
     <span class='ocr_line' id='line_1_1' title="bbox 290 213 1173 281; baseline 0.016 -12"><span class='ocrx_word' id='word_1_1' title='bbox 290 215 339 269; x_wconf 87' lang='lat' dir='ltr'><strong>AB</strong></span> <span class='ocrx_word' id='word_1_2' title='bbox 357 213 518 272; x_wconf 79' lang='lat' dir='ltr'><strong>EXOESSU</strong></span> <span class='ocrx_word' id='word_1_3' title='bbox 535 214 690 271; x_wconf 79' lang='lat' dir='ltr'>AUGUSTI</span> <span class='ocrx_word' id='word_1_4' title='bbox 708 217 742 272; x_wconf 92' lang='lat' dir='ltr'><strong>ll.</strong></span> <span class='ocrx_word' id='word_1_5' title='bbox 762 222 874 272; x_wconf 69' lang='lat' dir='ltr'><strong>tl--tt</strong></span> <span class='ocrx_word' id='word_1_6' title='bbox 1046 215 1089 281; x_wconf 76' lang='grc'><strong>79</strong></span> <span class='ocrx_word' id='word_1_7' title='bbox 1170 221 1173 225; x_wconf 16' lang='grc' dir='ltr'><strong>Δ</strong></span> 
     </span>
    </p>
   </div>
   <div class='ocr_carea' id='block_1_2' title="bbox 37 364 1139 3455">
    <p class='ocr_par' dir='ltr' id='par_1_2' title="bbox 77 364 1090 534">
     <span class='ocr_line' id='line_1_2' title="bbox 77 364 1090 446; baseline -0.002 -19"><span class='ocrx_word' id='word_1_8' title='bbox 77 367 247 444; x_wconf 79' lang='lat' dir='ltr'><strong>suspicione</strong></span> <span class='ocrx_word' id='word_1_9' title='bbox 268 374 319 426; x_wconf 87' lang='lat' dir='ltr'><strong>aut</strong></span> <span class='ocrx_word' id='word_1_10' title='bbox 337 364 436 424; x_wconf 81' lang='lat' dir='ltr'><strong>favore</strong></span> <span class='ocrx_word' id='word_1_11' title='bbox 454 365 485 424; x_wconf 92' lang='lat' dir='ltr'><strong>in</strong></span> <span class='ocrx_word' id='word_1_12' title='bbox 504 364 642 425; x_wconf 85' lang='lat' dir='ltr'><strong>Pisonem</strong></span> <span class='ocrx_word' id='word_1_13' title='bbox 660 367 795 446; x_wconf 90' lang='lat' dir='ltr'><strong>pronior,</strong></span> <span class='ocrx_word' id='word_1_14' title='bbox 816 364 926 426; x_wconf 86' lang='lat' dir='ltr'><strong>diversi</strong></span> <span class='ocrx_word' id='word_1_15' title='bbox 943 366 1090 444; x_wconf 80' lang='lat' dir='ltr'><strong>interpre-</strong></span> 
     </span>
     <span class='ocr_line' id='line_1_3' title="bbox 77 454 722 534; baseline -0.003 -19"><span class='ocrx_word' id='word_1_16' title='bbox 77 454 224 515; x_wconf 90' lang='lat' dir='ltr'><strong>tabantur.</strong></span> <span class='ocrx_word' id='word_1_17' title='bbox 705 457 722 534; x_wconf 66' lang='lat' dir='ltr'><em>J</em></span> 
     </span>
    </p>

    <p class='ocr_par' dir='ltr' id='par_1_3' title="bbox 37 540 1118 1243">
     <span class='ocr_line' id='line_1_4' title="bbox 145 540 1089 623; baseline -0.002 -19"><span class='ocrx_word' id='word_1_18' title='bbox 145 541 194 604; x_wconf 78' lang='lat'><strong>74.</strong></span> <span class='ocrx_word' id='word_1_19' title='bbox 209 540 413 604; x_wconf 79' lang='lat' dir='ltr'><strong>Consultatum</strong></span> <span class='ocrx_word' id='word_1_20' title='bbox 427 542 496 603; x_wconf 91' lang='lat' dir='ltr'><strong>inde</strong></span> <span class='ocrx_word' id='word_1_21' title='bbox 509 544 589 603; x_wconf 90' lang='lat' dir='ltr'><strong>iuter</strong></span> <span class='ocrx_word' id='word_1_22' title='bbox 602 542 714 621; x_wconf 89' lang='lat' dir='ltr'><strong>legatos</strong></span> <span class='ocrx_word' id='word_1_23' title='bbox 729 543 839 623; x_wconf 92' lang='lat' dir='ltr'><strong>quique</strong></span> <span class='ocrx_word' id='word_1_24' title='bbox 853 542 904 604; x_wconf 90' lang='lat' dir='ltr'><strong>alii</strong></span> <span class='ocrx_word' id='word_1_25' title='bbox 917 549 1089 603; x_wconf 90' lang='lat' dir='ltr'><strong>senatorum</strong></span> 
     </span>
     <span class='ocr_line' id='line_1_5' title="bbox 77 629 1087 711; baseline -0.004 -17"><span class='ocrx_word' id='word_1_26' title='bbox 77 633 211 711; x_wconf 89' lang='lat' dir='ltr'><strong>aderant,</strong></span> <span class='ocrx_word' id='word_1_27' title='bbox 235 633 371 711; x_wconf 88' lang='lat' dir='ltr'><strong>quisnam</strong></span> <span class='ocrx_word' id='word_1_28' title='bbox 395 629 499 691; x_wconf 78' lang='lat' dir='ltr'><strong>Suriae</strong></span> <span class='ocrx_word' id='word_1_29' title='bbox 522 632 743 710; x_wconf 87' lang='lat' dir='ltr'><strong>praeficeretur.</strong></span> <span class='ocrx_word' id='word_1_30' title='bbox 788 639 819 692; x_wconf 91' lang='lat' dir='ltr'><strong>et</strong></span> <span class='ocrx_word' id='word_1_31' title='bbox 842 633 950 692; x_wconf 88' lang='lat' dir='ltr'><strong>ceteris</strong></span> <span class='ocrx_word' id='word_1_32' title='bbox 972 630 1087 691; x_wconf 88' lang='lat' dir='ltr'><strong>modice</strong></span> 
     </span>
     <span class='ocr_line' id='line_1_6' title="bbox 77 718 1089 801; baseline -0.003 -19"><span class='ocrx_word' id='word_1_33' title='bbox 77 723 163 801; x_wconf 91' lang='lat' dir='ltr'><strong>nisis,</strong></span> <span class='ocrx_word' id='word_1_34' title='bbox 182 722 261 781; x_wconf 93' lang='lat' dir='ltr'><strong>inter</strong></span> <span class='ocrx_word' id='word_1_35' title='bbox 275 718 393 779; x_wconf 89' lang='lat' dir='ltr'><strong>Vibium</strong></span> <span class='ocrx_word' id='word_1_36' title='bbox 411 718 540 780; x_wconf 81' lang='lat' dir='ltr'><strong>Marsum</strong></span> <span class='ocrx_word' id='word_1_37' title='bbox 560 727 591 780; x_wconf 92' lang='lat' dir='ltr'><strong>et</strong></span> <span class='ocrx_word' id='word_1_38' title='bbox 610 719 661 781; x_wconf 83' lang='lat' dir='ltr'><strong>Cn.</strong></span> <span class='ocrx_word' id='word_1_39' title='bbox 681 719 817 780; x_wconf 78' lang='lat' dir='ltr'><strong>Sentium</strong></span> <span class='ocrx_word' id='word_1_40' title='bbox 835 720 887 781; x_wconf 93' lang='lat' dir='ltr'><strong>diu</strong></span> <span class='ocrx_word' id='word_1_41' title='bbox 906 721 1089 798; x_wconf 87' lang='lat' dir='ltr'><strong>quaesitum:</strong></span> 
     </span>
     <span class='ocr_line' id='line_1_7' title="bbox 77 807 1087 871; baseline -0.005 0"><span class='ocrx_word' id='word_1_42' title='bbox 77 810 146 871; x_wconf 91' lang='lat' dir='ltr'><strong>dein</strong></span> <span class='ocrx_word' id='word_1_43' title='bbox 173 808 288 869; x_wconf 88' lang='lat' dir='ltr'><strong>blarsus</strong></span> <span class='ocrx_word' id='word_1_44' title='bbox 316 809 428 868; x_wconf 89' lang='lat' dir='ltr'><strong>seniori</strong></span> <span class='ocrx_word' id='word_1_45' title='bbox 455 816 485 867; x_wconf 90' lang='lat' dir='ltr'><strong>et</strong></span> <span class='ocrx_word' id='word_1_46' title='bbox 512 810 610 870; x_wconf 88' lang='lat' dir='ltr'><strong>acrius</strong></span> <span class='ocrx_word' id='word_1_47' title='bbox 638 808 773 870; x_wconf 84' lang='lat' dir='ltr'><strong>tendenti</strong></span> <span class='ocrx_word' id='word_1_48' title='bbox 799 807 902 868; x_wconf 87' lang='lat' dir='ltr'><strong>Sentio</strong></span> <span class='ocrx_word' id='word_1_49' title='bbox 931 809 1087 869; x_wconf 90' lang='lat' dir='ltr'><strong>concessit.</strong></span> 
     </span>
     <span class='ocr_line' id='line_1_8' title="bbox 37 896 1118 979; baseline -0.007 -19"><span class='ocrx_word' id='word_1_50' title='bbox 37 972 39 976; x_wconf 17' lang='lat'>⁸</span> <span class='ocrx_word' id='word_1_51' title='bbox 77 902 163 979; x_wconf 90' lang='lat' dir='ltr'><strong>isque</strong></span> <span class='ocrx_word' id='word_1_52' title='bbox 185 898 326 958; x_wconf 80' lang='lat' dir='ltr'><strong>infamem</strong></span> <span class='ocrx_word' id='word_1_53' title='bbox 348 897 499 957; x_wconf 82' lang='lat' dir='ltr'><strong>veneficiis</strong></span> <span class='ocrx_word' id='word_1_54' title='bbox 518 915 552 957; x_wconf 90' lang='lat' dir='ltr'><strong>ca</strong></span> <span class='ocrx_word' id='word_1_55' title='bbox 570 899 601 957; x_wconf 93' lang='lat' dir='ltr'><strong>in</strong></span> <span class='ocrx_word' id='word_1_56' title='bbox 622 899 775 976; x_wconf 79' lang='lat' dir='ltr'><strong>provincia</strong></span> <span class='ocrx_word' id='word_1_57' title='bbox 795 903 826 957; x_wconf 91' lang='lat' dir='ltr'><strong>et</strong></span> <span class='ocrx_word' id='word_1_58' title='bbox 843 896 1001 957; x_wconf 85' lang='lat' dir='ltr'><strong>Plancinae</strong></span> <span class='ocrx_word' id='word_1_59' title='bbox 1021 908 1118 974; x_wconf 75' lang='lat' dir='ltr'><strong>per-t</strong></span> 
     </span>
     <span class='ocr_line' id='line_1_9' title="bbox 78 982 1088 1065; baseline -0.005 -17"><span class='ocrx_word' id='word_1_60' title='bbox 78 1005 176 1049; x_wconf 89' lang='lat' dir='ltr'><strong>earam</strong></span> <span class='ocrx_word' id='word_1_61' title='bbox 189 987 309 1046; x_wconf 90' lang='lat' dir='ltr'><strong>nomine</strong></span> <span class='ocrx_word' id='word_1_62' title='bbox 323 983 478 1045; x_wconf 81' lang='lat' dir='ltr'><strong>Martinam</strong></span> <span class='ocrx_word' id='word_1_63' title='bbox 490 986 522 1045; x_wconf 92' lang='lat' dir='ltr'><strong>in</strong></span> <span class='ocrx_word' id='word_1_64' title='bbox 536 985 642 1046; x_wconf 89' lang='lat' dir='ltr'><strong>urbem</strong></span> <span class='ocrx_word' id='word_1_65' title='bbox 655 987 752 1065; x_wconf 82' lang='lat' dir='ltr'><strong>misit,</strong></span> <span class='ocrx_word' id='word_1_66' title='bbox 765 984 985 1064; x_wconf 87' lang='lat' dir='ltr'><strong>postulantibus</strong></span> <span class='ocrx_word' id='word_1_67' title='bbox 999 982 1088 1045; x_wconf 86' lang='lat' dir='ltr'><strong>Vitel-</strong></span> 
     </span>
     <span class='ocr_line' id='line_1_10' title="bbox 79 1073 1089 1154; baseline -0.003 -19"><span class='ocrx_word' id='word_1_68' title='bbox 79 1076 117 1137; x_wconf 92' lang='lat' dir='ltr'><strong>lio</strong></span> <span class='ocrx_word' id='word_1_69' title='bbox 132 1093 166 1135; x_wconf 94' lang='lat' dir='ltr'><strong>ac</strong></span> <span class='ocrx_word' id='word_1_70' title='bbox 180 1073 306 1135; x_wconf 86' lang='lat' dir='ltr'><strong>Veranio</strong></span> <span class='ocrx_word' id='word_1_71' title='bbox 321 1073 500 1154; x_wconf 88' lang='lat' dir='ltr'><strong>ceterisque,</strong></span> <span class='ocrx_word' id='word_1_72' title='bbox 520 1076 572 1153; x_wconf 91' lang='lat' dir='ltr'><strong>qui</strong></span> <span class='ocrx_word' id='word_1_73' title='bbox 590 1076 714 1136; x_wconf 90' lang='lat' dir='ltr'><strong>crimina</strong></span> <span class='ocrx_word' id='word_1_74' title='bbox 734 1080 764 1133; x_wconf 91' lang='lat' dir='ltr'><strong>et</strong></span> <span class='ocrx_word' id='word_1_75' title='bbox 782 1075 1001 1135; x_wconf 80' lang='lat' dir='ltr'><strong>accusationem</strong></span> <span class='ocrx_word' id='word_1_76' title='bbox 1016 1079 1089 1133; x_wconf 91' lang='lat' dir='ltr'><strong>tam·</strong></span> 
     </span>
     <span class='ocr_line' id='line_1_11' title="bbox 79 1161 837 1243; baseline -0.003 -19"><span class='ocrx_word' id='word_1_77' title='bbox 79 1182 167 1243; x_wconf 91' lang='lat' dir='ltr'><strong>quam</strong></span> <span class='ocrx_word' id='word_1_78' title='bbox 181 1163 323 1224; x_wconf 84' lang='lat' dir='ltr'><strong>adversus</strong></span> <span class='ocrx_word' id='word_1_79' title='bbox 336 1170 473 1240; x_wconf 87' lang='lat' dir='ltr'><strong>receptos</strong></span> <span class='ocrx_word' id='word_1_80' title='bbox 487 1164 546 1223; x_wconf 90' lang='lat' dir='ltr'><strong>iam</strong></span> <span class='ocrx_word' id='word_1_81' title='bbox 560 1181 627 1223; x_wconf 91' lang='lat' dir='ltr'><strong>reos</strong></span> <span class='ocrx_word' id='word_1_82' title='bbox 641 1161 837 1224; x_wconf 86' lang='lat' dir='ltr'><strong>instruebant.</strong></span> 
     </span>
    </p>

    <p class='ocr_par' dir='ltr' id='par_1_4' title="bbox 78 1248 1135 2284">
     <span class='ocr_line' id='line_1_12' title="bbox 147 1248 1091 1332; baseline -0.002 -19"><span class='ocrx_word' id='word_1_83' title='bbox 147 1248 196 1313; x_wconf 79' lang='lat'><strong>75.</strong></span> <span class='ocrx_word' id='word_1_84' title='bbox 220 1251 258 1312; x_wconf 81' lang='lat' dir='ltr'><strong>At</strong></span> <span class='ocrx_word' id='word_1_85' title='bbox 276 1250 451 1332; x_wconf 81' lang='lat' dir='ltr'><strong>Agrippina,</strong></span> <span class='ocrx_word' id='word_1_86' title='bbox 474 1270 651 1330; x_wconf 90' lang='lat' dir='ltr'><strong>quamquam</strong></span> <span class='ocrx_word' id='word_1_87' title='bbox 675 1251 790 1312; x_wconf 84' lang='lat' dir='ltr'><strong>defessa</strong></span> <span class='ocrx_word' id='word_1_88' title='bbox 808 1251 892 1312; x_wconf 90' lang='lat' dir='ltr'><strong>luctu</strong></span> <span class='ocrx_word' id='word_1_89' title='bbox 910 1258 941 1311; x_wconf 89' lang='lat' dir='ltr'><strong>ct</strong></span> <span class='ocrx_word' id='word_1_90' title='bbox 963 1268 1091 1330; x_wconf 85' lang='lat' dir='ltr'><strong>corpore</strong></span> 
     </span>
     <span class='ocr_line' id='line_1_13' title="bbox 78 1338 1092 1421; baseline -0.003 -19"><span class='ocrx_word' id='word_1_91' title='bbox 78 1359 180 1421; x_wconf 89' lang='lat' dir='ltr'><strong>aegro,</strong></span> <span class='ocrx_word' id='word_1_92' title='bbox 199 1341 331 1400; x_wconf 90' lang='lat' dir='ltr'><strong>omnium</strong></span> <span class='ocrx_word' id='word_1_93' title='bbox 350 1348 448 1399; x_wconf 91' lang='lat' dir='ltr'><strong>tamen</strong></span> <span class='ocrx_word' id='word_1_94' title='bbox 467 1357 542 1417; x_wconf 89' lang='lat' dir='ltr'><strong>quac</strong></span> <span class='ocrx_word' id='word_1_95' title='bbox 561 1339 704 1400; x_wconf 91' lang='lat' dir='ltr'><strong>ultionem</strong></span> <span class='ocrx_word' id='word_1_96' title='bbox 717 1347 905 1400; x_wconf 89' lang='lat' dir='ltr'><strong>morarentur</strong></span> <span class='ocrx_word' id='word_1_97' title='bbox 919 1338 1092 1420; x_wconf 81' lang='lat' dir='ltr'><strong>intolerans,</strong></span> 
     </span>
     <span class='ocr_line' id='line_1_14' title="bbox 79 1426 1090 1506; baseline -0.002 -17"><span class='ocrx_word' id='word_1_98' title='bbox 79 1429 211 1489; x_wconf 89' lang='lat' dir='ltr'><strong>ascendit</strong></span> <span class='ocrx_word' id='word_1_99' title='bbox 230 1428 355 1488; x_wconf 89' lang='lat' dir='ltr'><strong>classem</strong></span> <span class='ocrx_word' id='word_1_100' title='bbox 374 1444 442 1487; x_wconf 89' lang='lat' dir='ltr'><strong>oum</strong></span> <span class='ocrx_word' id='word_1_101' title='bbox 461 1426 612 1488; x_wconf 90' lang='lat' dir='ltr'><strong>cineribus</strong></span> <span class='ocrx_word' id='word_1_102' title='bbox 632 1426 800 1487; x_wconf 89' lang='lat' dir='ltr'><strong>Germanici</strong></span> <span class='ocrx_word' id='word_1_103' title='bbox 818 1435 848 1486; x_wconf 91' lang='lat' dir='ltr'><strong>et</strong></span> <span class='ocrx_word' id='word_1_104' title='bbox 865 1426 981 1506; x_wconf 90' lang='lat' dir='ltr'><strong>liberis,</strong></span> <span class='ocrx_word' id='word_1_105' title='bbox 1003 1429 1090 1487; x_wconf 89' lang='lat' dir='ltr'><strong>mise·</strong></span> 
     </span>
     <span class='ocr_line' id='line_1_15' title="bbox 80 1513 1091 1594; baseline -0.004 -17"><span class='ocrx_word' id='word_1_106' title='bbox 80 1515 215 1577; x_wconf 88' lang='lat' dir='ltr'><strong>rantibus</strong></span> <span class='ocrx_word' id='word_1_107' title='bbox 234 1517 363 1592; x_wconf 91' lang='lat' dir='ltr'><strong>cunctis,</strong></span> <span class='ocrx_word' id='word_1_108' title='bbox 382 1513 461 1591; x_wconf 92' lang='lat' dir='ltr'><strong>quod</strong></span> <span class='ocrx_word' id='word_1_109' title='bbox 480 1514 588 1575; x_wconf 85' lang='lat' dir='ltr'><strong>femina</strong></span> <span class='ocrx_word' id='word_1_110' title='bbox 606 1513 759 1574; x_wconf 90' lang='lat' dir='ltr'><strong>nobilitate</strong></span> <span class='ocrx_word' id='word_1_111' title='bbox 782 1516 936 1594; x_wconf 91' lang='lat' dir='ltr'><strong>princeps,</strong></span> <span class='ocrx_word' id='word_1_112' title='bbox 954 1513 1091 1592; x_wconf 91' lang='lat' dir='ltr'><strong>pulcher-</strong></span> 
     </span>
     <span class='ocr_line' id='line_1_16' title="bbox 80 1602 1119 1680; baseline -0.009 -15"><span class='ocrx_word' id='word_1_113' title='bbox 80 1608 155 1665; x_wconf 90' lang='lat' dir='ltr'><strong>rimo</strong></span> <span class='ocrx_word' id='word_1_114' title='bbox 178 1602 266 1663; x_wconf 91' lang='lat' dir='ltr'><strong>modo</strong></span> <span class='ocrx_word' id='word_1_115' title='bbox 285 1602 472 1661; x_wconf 91' lang='lat' dir='ltr'><strong>matrimonio</strong></span> <span class='ocrx_word' id='word_1_116' title='bbox 490 1603 569 1662; x_wconf 91' lang='lat' dir='ltr'><strong>inter</strong></span> <span class='ocrx_word' id='word_1_117' title='bbox 587 1604 756 1662; x_wconf 89' lang='lat' dir='ltr'><strong>venerantis</strong></span> <span class='ocrx_word' id='word_1_118' title='bbox 775 1604 978 1680; x_wconf 85' lang='lat' dir='ltr'><strong>gratantisque</strong></span> <span class='ocrx_word' id='word_1_119' title='bbox 998 1604 1119 1680; x_wconf 81' lang='lat' dir='ltr'><strong>aspicis</strong></span> 
     </span>
     <span class='ocr_line' id='line_1_17' title="bbox 81 1688 1090 1771; baseline -0.004 -17"><span class='ocrx_word' id='word_1_120' title='bbox 81 1692 179 1771; x_wconf 92' lang='lat' dir='ltr'><strong>solita,</strong></span> <span class='ocrx_word' id='word_1_121' title='bbox 197 1699 270 1752; x_wconf 91' lang='lat' dir='ltr'><strong>tunc</strong></span> <span class='ocrx_word' id='word_1_122' title='bbox 283 1689 382 1750; x_wconf 84' lang='lat' dir='ltr'><strong>feralis</strong></span> <span class='ocrx_word' id='word_1_123' title='bbox 396 1688 537 1768; x_wconf 87' lang='lat' dir='ltr'><strong>reliquias</strong></span> <span class='ocrx_word' id='word_1_124' title='bbox 551 1692 619 1751; x_wconf 93' lang='lat' dir='ltr'><strong>sinu</strong></span> <span class='ocrx_word' id='word_1_125' title='bbox 633 1691 739 1770; x_wconf 83' lang='lat' dir='ltr'><strong>ferret,</strong></span> <span class='ocrx_word' id='word_1_126' title='bbox 757 1692 872 1751; x_wconf 90' lang='lat' dir='ltr'><strong>incerta</strong></span> <span class='ocrx_word' id='word_1_127' title='bbox 885 1689 1022 1770; x_wconf 91' lang='lat' dir='ltr'><strong>ultionis,</strong></span> <span class='ocrx_word' id='word_1_128' title='bbox 1041 1709 1090 1750; x_wconf 89' lang='lat' dir='ltr'><strong>au·</strong></span> 
     </span>
     <span class='ocr_line' id='line_1_18' title="bbox 80 1778 1092 1842; baseline -0.004 1"><span class='ocrx_word' id='word_1_129' title='bbox 80 1784 128 1842; x_wconf 85' lang='lat' dir='ltr'><strong>xia</strong></span> <span class='ocrx_word' id='word_1_130' title='bbox 143 1782 190 1841; x_wconf 92' lang='lat' dir='ltr'><strong>sui</strong></span> <span class='ocrx_word' id='word_1_131' title='bbox 204 1786 234 1839; x_wconf 92' lang='lat' dir='ltr'><strong>et</strong></span> <span class='ocrx_word' id='word_1_132' title='bbox 247 1778 359 1839; x_wconf 80' lang='lat' dir='ltr'><strong>infelici</strong></span> <span class='ocrx_word' id='word_1_133' title='bbox 377 1778 558 1839; x_wconf 81' lang='lat' dir='ltr'><strong>fecunditate</strong></span> <span class='ocrx_word' id='word_1_134' title='bbox 573 1779 709 1840; x_wconf 81' lang='lat' dir='ltr'><strong>fortunae</strong></span> <span class='ocrx_word' id='word_1_135' title='bbox 723 1781 833 1840; x_wconf 92' lang='lat' dir='ltr'><strong>totiens</strong></span> <span class='ocrx_word' id='word_1_136' title='bbox 847 1778 981 1839; x_wconf 82' lang='lat' dir='ltr'><strong>obnoxia.</strong></span> <span class='ocrx_word' id='word_1_137' title='bbox 1011 1778 1092 1839; x_wconf 92' lang='lat' dir='ltr'><strong>Piso·</strong></span> 
     </span>
     <span class='ocr_line' id='line_1_19' title="bbox 80 1866 1111 1946; baseline -0.003 -16"><span class='ocrx_word' id='word_1_138' title='bbox 80 1888 149 1930; x_wconf 83' lang='lat' dir='ltr'><strong>nem</strong></span> <span class='ocrx_word' id='word_1_139' title='bbox 167 1869 288 1929; x_wconf 89' lang='lat' dir='ltr'><strong>interim</strong></span> <span class='ocrx_word' id='word_1_140' title='bbox 308 1866 386 1945; x_wconf 92' lang='lat' dir='ltr'><strong>apud</strong></span> <span class='ocrx_word' id='word_1_141' title='bbox 401 1866 493 1927; x_wconf 85' lang='lat' dir='ltr'><strong>Coum</strong></span> <span class='ocrx_word' id='word_1_142' title='bbox 512 1867 638 1928; x_wconf 92' lang='lat' dir='ltr'><strong>insulam</strong></span> <span class='ocrx_word' id='word_1_143' title='bbox 657 1870 780 1928; x_wconf 92' lang='lat' dir='ltr'><strong>nuntius</strong></span> <span class='ocrx_word' id='word_1_144' title='bbox 800 1868 973 1946; x_wconf 84' lang='lat' dir='ltr'><strong>adsequitur</strong></span> <span class='ocrx_word' id='word_1_145' title='bbox 992 1882 1111 1928; x_wconf 78' lang='lat' dir='ltr'><strong>eroes·</strong></span> 
     </span>
     <span class='ocr_line' id='line_1_20' title="bbox 81 1956 1091 2035; baseline -0.003 -16"><span class='ocrx_word' id='word_1_146' title='bbox 81 1961 156 2020; x_wconf 89' lang='lat' dir='ltr'><strong>sisse</strong></span> <span class='ocrx_word' id='word_1_147' title='bbox 175 1957 390 2018; x_wconf 88' lang='lat' dir='ltr'><strong>Germanicum.</strong></span> <span class='ocrx_word' id='word_1_148' title='bbox 424 1973 482 2034; x_wconf 93' lang='lat' dir='ltr'><strong>quo</strong></span> <span class='ocrx_word' id='word_1_149' title='bbox 501 1957 734 2035; x_wconf 85' lang='lat' dir='ltr'><strong>intemperanter</strong></span> <span class='ocrx_word' id='word_1_150' title='bbox 752 1963 873 2035; x_wconf 87' lang='lat' dir='ltr'><strong>accepto</strong></span> <span class='ocrx_word' id='word_1_151' title='bbox 894 1956 991 2017; x_wconf 89' lang='lat' dir='ltr'><strong>caedit</strong></span> <span class='ocrx_word' id='word_1_152' title='bbox 1009 1958 1091 2017; x_wconf 89' lang='lat' dir='ltr'><strong>victi-</strong></span> 
     </span>
     <span class='ocr_line' id='line_1_21' title="bbox 80 2043 1135 2126; baseline -0.009 -18"><span class='ocrx_word' id='word_1_153' title='bbox 80 2065 155 2126; x_wconf 89' lang='lat' dir='ltr'><strong>mas,</strong></span> <span class='ocrx_word' id='word_1_154' title='bbox 181 2045 242 2105; x_wconf 93' lang='lat' dir='ltr'><strong>adit</strong></span> <span class='ocrx_word' id='word_1_155' title='bbox 262 2043 383 2124; x_wconf 93' lang='lat' dir='ltr'><strong>templa,</strong></span> <span class='ocrx_word' id='word_1_156' title='bbox 405 2061 502 2122; x_wconf 89' lang='lat' dir='ltr'><strong>neque</strong></span> <span class='ocrx_word' id='word_1_157' title='bbox 523 2047 587 2124; x_wconf 89' lang='lat' dir='ltr'><strong>ipsc</strong></span> <span class='ocrx_word' id='word_1_158' title='bbox 609 2044 749 2124; x_wconf 87' lang='lat' dir='ltr'><strong>gaudium</strong></span> <span class='ocrx_word' id='word_1_159' title='bbox 769 2044 926 2105; x_wconf 90' lang='lat' dir='ltr'><strong>moderans</strong></span> <span class='ocrx_word' id='word_1_160' title='bbox 948 2052 978 2105; x_wconf 88' lang='lat' dir='ltr'><strong>et</strong></span> <span class='ocrx_word' id='word_1_161' title='bbox 998 2047 1091 2124; x_wconf 86' lang='lat' dir='ltr'><strong>magis</strong></span> <span class='ocrx_word' id='word_1_162' title='bbox 1106 2060 1135 2100; x_wconf 88' lang='lat' dir='ltr'><strong>1o</strong></span> 
     </span>
     <span class='ocr_line' id='line_1_22' title="bbox 81 2132 1093 2213; baseline -0.001 -17"><span class='ocrx_word' id='word_1_163' title='bbox 81 2134 277 2196; x_wconf 89' lang='lat' dir='ltr'><strong>insolescente</strong></span> <span class='ocrx_word' id='word_1_164' title='bbox 291 2132 443 2212; x_wconf 91' lang='lat' dir='ltr'><strong>Plancina,</strong></span> <span class='ocrx_word' id='word_1_165' title='bbox 462 2151 537 2213; x_wconf 89' lang='lat' dir='ltr'><strong>quae</strong></span> <span class='ocrx_word' id='word_1_166' title='bbox 556 2132 669 2195; x_wconf 92' lang='lat' dir='ltr'><strong>luctum</strong></span> <span class='ocrx_word' id='word_1_167' title='bbox 689 2135 814 2196; x_wconf 86' lang='lat' dir='ltr'><strong>amissae</strong></span> <span class='ocrx_word' id='word_1_168' title='bbox 829 2135 941 2194; x_wconf 90' lang='lat' dir='ltr'><strong>sororis</strong></span> <span class='ocrx_word' id='word_1_169' title='bbox 955 2141 1019 2194; x_wconf 91' lang='lat' dir='ltr'><strong>tum</strong></span> <span class='ocrx_word' id='word_1_170' title='bbox 1033 2136 1093 2212; x_wconf 90' lang='lat' dir='ltr'><strong>pri·</strong></span> 
     </span>
     <span class='ocr_line' id='line_1_23' title="bbox 81 2220 496 2284; baseline -0.002 0"><span class='ocrx_word' id='word_1_171' title='bbox 81 2241 162 2284; x_wconf 91' lang='lat' dir='ltr'><strong>mum</strong></span> <span class='ocrx_word' id='word_1_172' title='bbox 176 2222 252 2282; x_wconf 91' lang='lat' dir='ltr'><strong>laeto</strong></span> <span class='ocrx_word' id='word_1_173' title='bbox 267 2220 349 2281; x_wconf 91' lang='lat' dir='ltr'><strong>cultu</strong></span> <span class='ocrx_word' id='word_1_174' title='bbox 364 2223 496 2283; x_wconf 84' lang='lat' dir='ltr'><strong>mutavit.</strong></span> 
     </span>
    </p>

    <p class='ocr_par' dir='ltr' id='par_1_5' title="bbox 82 2308 1139 3272">
     <span class='ocr_line' id='line_1_24' title="bbox 149 2308 1094 2390; baseline -0.003 -17"><span class='ocrx_word' id='word_1_175' title='bbox 149 2308 199 2373; x_wconf 76' lang='lat'><strong>76.</strong></span> <span class='ocrx_word' id='word_1_176' title='bbox 227 2308 403 2370; x_wconf 80' lang='lat' dir='ltr'><strong>Adfluebant</strong></span> <span class='ocrx_word' id='word_1_177' title='bbox 430 2312 619 2371; x_wconf 89' lang='lat' dir='ltr'><strong>centuriones</strong></span> <span class='ocrx_word' id='word_1_178' title='bbox 648 2310 866 2390; x_wconf 90' lang='lat' dir='ltr'><strong>monebantque</strong></span> <span class='ocrx_word' id='word_1_179' title='bbox 891 2320 1027 2390; x_wconf 91' lang='lat' dir='ltr'><strong>prompta</strong></span> <span class='ocrx_word' id='word_1_180' title='bbox 1050 2309 1094 2371; x_wconf 89' lang='lat' dir='ltr'><strong>illi</strong></span> 
     </span>
     <span class='ocr_line' id='line_1_25' title="bbox 82 2397 1093 2479; baseline -0.002 -18"><span class='ocrx_word' id='word_1_181' title='bbox 82 2400 231 2479; x_wconf 85' lang='lat' dir='ltr'><strong>legionum</strong></span> <span class='ocrx_word' id='word_1_182' title='bbox 250 2397 359 2458; x_wconf 91' lang='lat' dir='ltr'><strong>studia:</strong></span> <span class='ocrx_word' id='word_1_183' title='bbox 383 2405 533 2476; x_wconf 88' lang='lat' dir='ltr'><strong>repeteret</strong></span> <span class='ocrx_word' id='word_1_184' title='bbox 555 2401 738 2478; x_wconf 85' lang='lat' dir='ltr'><strong>provinciam</strong></span> <span class='ocrx_word' id='word_1_185' title='bbox 756 2417 816 2459; x_wconf 90' lang='lat' dir='ltr'><strong>non</strong></span> <span class='ocrx_word' id='word_1_186' title='bbox 834 2401 900 2459; x_wconf 93' lang='lat' dir='ltr'><strong>iure</strong></span> <span class='ocrx_word' id='word_1_187' title='bbox 919 2399 1044 2459; x_wconf 90' lang='lat' dir='ltr'><strong>ablatam</strong></span> <span class='ocrx_word' id='word_1_188' title='bbox 1063 2406 1093 2459; x_wconf 89' lang='lat' dir='ltr'><strong>ct</strong></span> 
     </span>
     <span class='ocr_line' id='line_1_26' title="bbox 82 2485 1093 2566; baseline -0.004 -16"><span class='ocrx_word' id='word_1_189' title='bbox 82 2506 211 2549; x_wconf 90' lang='lat' dir='ltr'><strong>vacuam.</strong></span> <span class='ocrx_word' id='word_1_190' title='bbox 239 2488 331 2564; x_wconf 89' lang='lat' dir='ltr'><strong>igitur</strong></span> <span class='ocrx_word' id='word_1_191' title='bbox 350 2486 422 2564; x_wconf 92' lang='lat' dir='ltr'><strong>quid</strong></span> <span class='ocrx_word' id='word_1_192' title='bbox 441 2487 587 2565; x_wconf 90' lang='lat' dir='ltr'><strong>agendum</strong></span> <span class='ocrx_word' id='word_1_193' title='bbox 602 2486 782 2548; x_wconf 90' lang='lat' dir='ltr'><strong>consultanti</strong></span> <span class='ocrx_word' id='word_1_194' title='bbox 798 2485 835 2546; x_wconf 87' lang='lat' dir='ltr'><strong>M.</strong></span> <span class='ocrx_word' id='word_1_195' title='bbox 850 2486 917 2546; x_wconf 91' lang='lat' dir='ltr'><strong>Piso</strong></span> <span class='ocrx_word' id='word_1_196' title='bbox 932 2487 1010 2547; x_wconf 82' lang='lat' dir='ltr'><strong>tilius</strong></span> <span class='ocrx_word' id='word_1_197' title='bbox 1025 2505 1093 2566; x_wconf 92' lang='lat' dir='ltr'><strong>pro-</strong></span> 
     </span>
     <span class='ocr_line' id='line_1_27' title="bbox 82 2574 1093 2657; baseline -0.004 -19"><span class='ocrx_word' id='word_1_198' title='bbox 82 2576 246 2657; x_wconf 90' lang='lat' dir='ltr'><strong>perandum</strong></span> <span class='ocrx_word' id='word_1_199' title='bbox 259 2577 290 2634; x_wconf 93' lang='lat' dir='ltr'><strong>in</strong></span> <span class='ocrx_word' id='word_1_200' title='bbox 304 2575 410 2635; x_wconf 90' lang='lat' dir='ltr'><strong>urbem</strong></span> <span class='ocrx_word' id='word_1_201' title='bbox 424 2575 576 2635; x_wconf 84' lang='lat' dir='ltr'><strong>censebat:</strong></span> <span class='ocrx_word' id='word_1_202' title='bbox 595 2575 669 2634; x_wconf 91' lang='lat' dir='ltr'><strong>nihil</strong></span> <span class='ocrx_word' id='word_1_203' title='bbox 682 2575 778 2636; x_wconf 91' lang='lat' dir='ltr'><strong>adhuc</strong></span> <span class='ocrx_word' id='word_1_204' title='bbox 793 2574 970 2653; x_wconf 85' lang='lat' dir='ltr'><strong>inexpiabile</strong></span> <span class='ocrx_word' id='word_1_205' title='bbox 987 2575 1093 2635; x_wconf 90' lang='lat' dir='ltr'><strong>admis-</strong></span> 
     </span>
     <span class='ocr_line' id='line_1_28' title="bbox 83 2661 1124 2745; baseline -0.008 -19"><span class='ocrx_word' id='word_1_206' title='bbox 83 2684 162 2745; x_wconf 88' lang='lat' dir='ltr'><strong>sum,</strong></span> <span class='ocrx_word' id='word_1_207' title='bbox 181 2681 278 2741; x_wconf 91' lang='lat' dir='ltr'><strong>neque</strong></span> <span class='ocrx_word' id='word_1_208' title='bbox 297 2664 481 2740; x_wconf 89' lang='lat' dir='ltr'><strong>suspiciones</strong></span> <span class='ocrx_word' id='word_1_209' title='bbox 501 2661 654 2723; x_wconf 89' lang='lat' dir='ltr'><strong>inbecillas</strong></span> <span class='ocrx_word' id='word_1_210' title='bbox 669 2671 720 2724; x_wconf 93' lang='lat' dir='ltr'><strong>aut</strong></span> <span class='ocrx_word' id='word_1_211' title='bbox 733 2665 832 2723; x_wconf 90' lang='lat' dir='ltr'><strong>inania</strong></span> <span class='ocrx_word' id='word_1_212' title='bbox 847 2662 940 2722; x_wconf 88' lang='lat' dir='ltr'><strong>lamae</strong></span> <span class='ocrx_word' id='word_1_213' title='bbox 954 2665 1124 2742; x_wconf 76' lang='lat' dir='ltr'><strong>pertimeo</strong></span> 
     </span>
     <span class='ocr_line' id='line_1_29' title="bbox 83 2750 1093 2833; baseline 0 -21"><span class='ocrx_word' id='word_1_214' title='bbox 83 2751 200 2812; x_wconf 90' lang='lat' dir='ltr'><strong>scenda.</strong></span> <span class='ocrx_word' id='word_1_215' title='bbox 233 2750 409 2810; x_wconf 89' lang='lat' dir='ltr'><strong>discordiam</strong></span> <span class='ocrx_word' id='word_1_216' title='bbox 428 2768 497 2828; x_wconf 91' lang='lat' dir='ltr'><strong>erga</strong></span> <span class='ocrx_word' id='word_1_217' title='bbox 512 2750 719 2811; x_wconf 87' lang='lat' dir='ltr'><strong>Germanicum</strong></span> <span class='ocrx_word' id='word_1_218' title='bbox 738 2752 806 2812; x_wconf 94' lang='lat' dir='ltr'><strong>odio</strong></span> <span class='ocrx_word' id='word_1_219' title='bbox 825 2752 951 2811; x_wconf 81' lang='lat' dir='ltr'><strong>tortasse</strong></span> <span class='ocrx_word' id='word_1_220' title='bbox 966 2751 1093 2833; x_wconf 89' lang='lat' dir='ltr'><strong>dignam,</strong></span> 
     </span>
     <span class='ocr_line' id='line_1_30' title="bbox 83 2837 1094 2917; baseline 0.002 -18"><span class='ocrx_word' id='word_1_221' title='bbox 83 2856 144 2900; x_wconf 91' lang='lat' dir='ltr'><strong>non</strong></span> <span class='ocrx_word' id='word_1_222' title='bbox 162 2855 269 2917; x_wconf 78' lang='lat' dir='ltr'><strong>poena3</strong></span> <span class='ocrx_word' id='word_1_223' title='bbox 293 2845 323 2897; x_wconf 90' lang='lat' dir='ltr'><strong>et</strong></span> <span class='ocrx_word' id='word_1_224' title='bbox 342 2837 526 2916; x_wconf 87' lang='lat' dir='ltr'><strong>ademptione</strong></span> <span class='ocrx_word' id='word_1_225' title='bbox 545 2840 716 2916; x_wconf 84' lang='lat' dir='ltr'><strong>provinciae</strong></span> <span class='ocrx_word' id='word_1_226' title='bbox 735 2841 806 2900; x_wconf 91' lang='lat' dir='ltr'><strong>satis</strong></span> <span class='ocrx_word' id='word_1_227' title='bbox 826 2839 937 2900; x_wconf 79' lang='lat' dir='ltr'><strong>lactrtm</strong></span> <span class='ocrx_word' id='word_1_228' title='bbox 955 2842 1094 2901; x_wconf 80' lang='lat' dir='ltr'><strong>inimicis.</strong></span> 
     </span>
     <span class='ocr_line' id='line_1_31' title="bbox 83 2925 1094 3009; baseline 0 -21"><span class='ocrx_word' id='word_1_229' title='bbox 83 2927 161 3008; x_wconf 93' lang='lat' dir='ltr'><strong>quod</strong></span> <span class='ocrx_word' id='word_1_230' title='bbox 182 2929 207 2987; x_wconf 90' lang='lat' dir='ltr'><strong>si</strong></span> <span class='ocrx_word' id='word_1_231' title='bbox 226 2926 448 3005; x_wconf 84' lang='lat' dir='ltr'><strong>regrederetur,</strong></span> <span class='ocrx_word' id='word_1_232' title='bbox 467 2926 630 2987; x_wconf 92' lang='lat' dir='ltr'><strong>obsistente</strong></span> <span class='ocrx_word' id='word_1_233' title='bbox 646 2925 747 2988; x_wconf 91' lang='lat' dir='ltr'><strong>Sentio</strong></span> <span class='ocrx_word' id='word_1_234' title='bbox 766 2927 850 2988; x_wconf 88' lang='lat' dir='ltr'><strong>civile</strong></span> <span class='ocrx_word' id='word_1_235' title='bbox 865 2927 975 2989; x_wconf 83' lang='lat' dir='ltr'><strong>bobum</strong></span> <span class='ocrx_word' id='word_1_236' title='bbox 989 2930 1094 3009; x_wconf 81' lang='lat' dir='ltr'><strong>incipi3</strong></span> 
     </span>
     <span class='ocr_line' id='line_1_32' title="bbox 82 3007 1094 3097; baseline -0.002 -20"><span class='ocrx_word' id='word_1_237' title='bbox 82 3035 139 3078; x_wconf 90' lang='lat' dir='ltr'><strong>nec</strong></span> <span class='ocrx_word' id='word_1_238' title='bbox 153 3007 312 3078; x_wconf 75' lang='lat' dir='ltr'><strong>dtira&#39;rtdro&#39;s</strong></span> <span class='ocrx_word' id='word_1_239' title='bbox 326 3017 357 3074; x_wconf 91' lang='lat' dir='ltr'><strong>in</strong></span> <span class='ocrx_word' id='word_1_240' title='bbox 371 3013 507 3093; x_wconf 93' lang='lat' dir='ltr'><strong>partibus</strong></span> <span class='ocrx_word' id='word_1_241' title='bbox 521 3017 712 3076; x_wconf 87' lang='lat' dir='ltr'><strong>centuriones</strong></span> <span class='ocrx_word' id='word_1_242' title='bbox 726 3015 907 3097; x_wconf 88' lang='lat' dir='ltr'><strong>militesque,</strong></span> <span class='ocrx_word' id='word_1_243' title='bbox 927 3017 1004 3096; x_wconf 92' lang='lat' dir='ltr'><strong>apud</strong></span> <span class='ocrx_word' id='word_1_244' title='bbox 1020 3035 1094 3095; x_wconf 89' lang='lat' dir='ltr'><strong>quos</strong></span> 
     </span>
     <span class='ocr_line' id='line_1_33' title="bbox 82 3103 1139 3184; baseline -0.004 -17"><span class='ocrx_word' id='word_1_245' title='bbox 82 3123 188 3167; x_wconf 87' lang='lat' dir='ltr'><strong>recens</strong></span> <span class='ocrx_word' id='word_1_246' title='bbox 207 3106 394 3183; x_wconf 90' lang='lat' dir='ltr'><strong>imperatoris</strong></span> <span class='ocrx_word' id='word_1_247' title='bbox 413 3104 461 3164; x_wconf 91' lang='lat' dir='ltr'><strong>sui</strong></span> <span class='ocrx_word' id='word_1_248' title='bbox 478 3106 621 3166; x_wconf 90' lang='lat' dir='ltr'><strong>memoria</strong></span> <span class='ocrx_word' id='word_1_249' title='bbox 639 3111 669 3166; x_wconf 88' lang='lat' dir='ltr'><strong>et</strong></span> <span class='ocrx_word' id='word_1_250' title='bbox 686 3105 806 3184; x_wconf 91' lang='lat' dir='ltr'><strong>penitus</strong></span> <span class='ocrx_word' id='word_1_251' title='bbox 824 3106 932 3166; x_wconf 75' lang='lat' dir='ltr'><strong>inlisus</strong></span> <span class='ocrx_word' id='word_1_252' title='bbox 946 3108 977 3165; x_wconf 92' lang='lat' dir='ltr'><strong>in</strong></span> <span class='ocrx_word' id='word_1_253' title='bbox 992 3103 1094 3166; x_wconf 84' lang='lat' dir='ltr'><strong>Caesa·</strong></span> <span class='ocrx_word' id='word_1_254' title='bbox 1109 3118 1139 3158; x_wconf 78' lang='grc' dir='ltr'><strong>ιο</strong></span> 
     </span>
     <span class='ocr_line' id='line_1_34' title="bbox 83 3192 434 3272; baseline 0 -18"><span class='ocrx_word' id='word_1_255' title='bbox 83 3211 132 3257; x_wconf 86' lang='lat' dir='ltr'><strong>res</strong></span> <span class='ocrx_word' id='word_1_256' title='bbox 147 3211 229 3254; x_wconf 90' lang='lat' dir='ltr'><strong>amor</strong></span> <span class='ocrx_word' id='word_1_257' title='bbox 243 3192 434 3272; x_wconf 88' lang='lat' dir='ltr'><strong>praevaleret.</strong></span> 
     </span>
    </p>

    <p class='ocr_par' dir='ltr' id='par_1_6' title="bbox 83 3279 1130 3455">
     <span class='ocr_line' id='line_1_35' title="bbox 151 3279 1095 3368; baseline -0.005 -24"><span class='ocrx_word' id='word_1_258' title='bbox 151 3281 201 3344; x_wconf 78' lang='lat' dir='ltr'><strong>ll.</strong></span> <span class='ocrx_word' id='word_1_259' title='bbox 221 3281 330 3343; x_wconf 84' lang='lat' dir='ltr'><strong>Contra</strong></span> <span class='ocrx_word' id='word_1_260' title='bbox 343 3280 489 3352; x_wconf 87' lang='lat' dir='ltr'><strong>Domitius</strong></span> <span class='ocrx_word' id='word_1_261' title='bbox 504 3279 600 3362; x_wconf 88' lang='lat' dir='ltr'><strong>Celer,</strong></span> <span class='ocrx_word' id='word_1_262' title='bbox 621 3299 662 3368; x_wconf 34' lang='lat' dir='ltr'><strong>ex·</strong></span> <span class='ocrx_word' id='word_1_263' title='bbox 675 3284 777 3343; x_wconf 91' lang='lat' dir='ltr'><strong>intima</strong></span> <span class='ocrx_word' id='word_1_264' title='bbox 797 3284 862 3343; x_wconf 90' lang='lat' dir='ltr'><strong>eius</strong></span> <span class='ocrx_word' id='word_1_265' title='bbox 876 3282 1016 3361; x_wconf 89' lang='lat' dir='ltr'><strong>amicitia,</strong></span> <span class='ocrx_word' id='word_1_266' title='bbox 1037 3280 1095 3340; x_wconf 90' lang='lat' dir='ltr'><strong>dis-</strong></span> 
     </span>
     <span class='ocr_line' id='line_1_36' title="bbox 83 3368 1130 3455; baseline -0.003 -24"><span class='ocrx_word' id='word_1_267' title='bbox 83 3372 177 3433; x_wconf 87' lang='lat' dir='ltr'><strong>seruit</strong></span> <span class='ocrx_word' id='word_1_268' title='bbox 191 3371 335 3431; x_wconf 90' lang='lat' dir='ltr'><strong>utendum</strong></span> <span class='ocrx_word' id='word_1_269' title='bbox 349 3378 470 3431; x_wconf 88' lang='lat' dir='ltr'><strong>eventu:</strong></span> <span class='ocrx_word' id='word_1_270' title='bbox 484 3368 630 3455; x_wconf 89' lang='lat' dir='ltr'><strong>Pisonem,</strong></span> <span class='ocrx_word' id='word_1_271' title='bbox 640 3388 700 3431; x_wconf 90' lang='lat' dir='ltr'><strong>non</strong></span> <span class='ocrx_word' id='word_1_272' title='bbox 711 3369 846 3431; x_wconf 88' lang='lat' dir='ltr'><strong>Sentium</strong></span> <span class='ocrx_word' id='word_1_273' title='bbox 858 3369 962 3429; x_wconf 89' lang='lat' dir='ltr'><strong>Suriae</strong></span> <span class='ocrx_word' id='word_1_274' title='bbox 971 3386 1097 3447; x_wconf 84' lang='lat' dir='ltr'><strong>praepo·</strong></span> <span class='ocrx_word' id='word_1_275' title='bbox 1128 3406 1130 3409; x_wconf 32' lang='lat' dir='ltr'>v</span> 
     </span>
    </p>
   </div>
   <div class='ocr_carea' id='block_1_3' title="bbox 157 3554 1028 3630">
    <p class='ocr_par' dir='ltr' id='par_1_7' title="bbox 157 3554 1028 3630">
     <span class='ocr_line' id='line_1_37' title="bbox 157 3554 1028 3630; baseline -0.003 -16"><span class='ocrx_word' id='word_1_276' title='bbox 157 3558 201 3628; x_wconf 78' lang='lat'><strong>78,</strong></span> <span class='ocrx_word' id='word_1_277' title='bbox 223 3564 255 3614; x_wconf 74' lang='lat'><strong>17</strong></span> <span class='ocrx_word' id='word_1_278' title='bbox 274 3558 533 3630; x_wconf 70' lang='lat' dir='ltr'><strong>interpraetentur!</strong></span> <span class='ocrx_word' id='word_1_279' title='bbox 552 3557 595 3626; x_wconf 74' lang='lat'><strong>75,</strong></span> <span class='ocrx_word' id='word_1_280' title='bbox 615 3563 630 3614; x_wconf 80' lang='lat'><strong>5</strong></span> <span class='ocrx_word' id='word_1_281' title='bbox 649 3558 815 3613; x_wconf 85' lang='lat' dir='ltr'><strong>uenerantes</strong></span> <span class='ocrx_word' id='word_1_282' title='bbox 834 3554 1028 3626; x_wconf 80' lang='lat' dir='ltr'><strong>gratantisque</strong></span> 
     </span>
    </p>
   </div>
   <div class='ocr_carea' id='block_1_4' title="bbox 0 0 1209 3876">
    <p class='ocr_par' dir='ltr' id='par_1_8' title="bbox 0 0 1209 3876">
     <span class='ocr_line' id='line_1_38' title="bbox 0 0 1209 3876; baseline 0 0"><span class='ocrx_word' id='word_1_283' title='bbox 0 0 1209 3876; x_wconf 95' lang='lat' dir='ltr'><strong> </strong></span> 
     </span>
    </p>
   </div>
  </div>
 </body>
</html>
