2392 3876
132 175 175 238 52
482 174 653 230 CORNELII
669 174 787 231 TAOITI

198 317 248 382 19.
281 319 360 382 llaut
386 321 509 401 perinde
537 321 699 382 Germanos
727 321 861 403 vulnera,
888 324 1000 405 luctus,
1028 329 1142 389 excidia

132 425 221 484 qnam
236 428 270 470 ea
284 411 399 488 species
414 409 514 470 dolore
533 417 564 470 et
581 412 626 470 ira
640 409 756 471 adfecit.
789 412 841 489 qui
858 411 946 471 modo
965 412 1046 473 abire
1066 417 1141 474 sedi-

121 493 198 580 bus,
217 506 299 560 trans
313 497 410 558 Albim
424 497 587 558 concedere
606 497 762 577 parabant,
779 515 907 576 pugnam
927 499 1042 578 volunt,
1060 519 1140 560 arma

133 590 268 669 rapiunt3
289 584 391 665 plebes
409 587 568 665 primores,
591 586 729 646 iuventus
748 602 834 645 senes
853 602 957 663 agmen
976 586 1140 647 Romanum

106 689 120 730 s
133 683 257 754 repente
270 677 432 753 incursant,
445 672 576 733 turbant.
603 680 753 751 postremo
765 672 898 751 deligunt
912 673 1010 735 locum
1019 674 1140 736 llumine

132 769 164 821 et
182 763 263 823 silvis
284 760 426 841 clausum,
449 769 512 821 arta
530 763 611 821 intus
630 759 751 839 planitie
775 768 805 821 ct
826 761 940 822 umida:
963 763 1050 824 silvas
1070 783 1140 841 quo·

132 866 190 926 que
204 847 351 927 profunda
364 847 448 926 palus
467 848 604 929 ambibat,
625 851 684 910 nisi
703 848 781 926 qnod
800 848 877 910 latus
895 868 989 911 unum
1003 852 1140 931 Angriva-

132 939 172 997 rii
184 936 243 997 lato
257 953 363 1015 aggere
378 936 553 1018 extulerant,
568 955 626 1016 quo
641 955 657 997 a
671 936 830 998 Cheruscis
844 937 1064 1001 dirimerentur.
1092 941 1141 1002 hic

132 1024 223 1105 pedes
238 1024 365 1086 adstitit:
384 1026 514 1104 equitem
531 1026 707 1104 propinquis
725 1024 801 1085 lucis
818 1032 929 1107 texere,
947 1035 981 1088 ut
998 1030 1141 1106 ingressis

93 1129 119 1169 ro
133 1112 234 1174 silvam
249 1112 415 1191 legionibus
429 1131 446 1173 a
460 1119 544 1192 tergo
558 1113 644 1174 foret.

199 1198 251 1262 20.
283 1199 363 1262 Nihil
390 1219 426 1262 ex
453 1200 501 1263 bis
527 1200 645 1262 Caesari
672 1203 870 1279 incognitum:
901 1202 1024 1263 consilia
1051 1203 1140 1283 locos,

132 1295 269 1368 prompta
283 1288 398 1350 occulta
411 1297 534 1351 noverat
547 1297 688 1368 astusque
702 1289 833 1351 hostium
846 1292 877 1350 in
891 1292 1053 1369 perniciem
1068 1293 1141 1371 ipsis

133 1377 275 1439 vertebat.
308 1376 376 1438 Seio
390 1377 543 1440 Tuberoni
560 1377 655 1458 legato
673 1378 764 1438 tradit
781 1379 912 1457 equitem
932 1397 1141 1459 campumqne3

133 1466 267 1545 peditum
282 1468 375 1527 aciem
388 1468 428 1527 ita
443 1469 594 1547 instruxit,
607 1474 642 1528 ut
654 1485 724 1544 pars
739 1484 833 1545 aequo
846 1469 878 1527 in
892 1466 993 1527 silvam
1003 1468 1084 1527 aditn
1098 1471 1141 1527 in·

94 1569 120 1610 .⁵
134 1555 263 1636 eederet,
285 1572 355 1634 pars
378 1554 526 1616 obiectum
549 1572 686 1634 aggerem
710 1556 887 1635 eniteretur3
915 1554 992 1634 quod
1017 1556 1141 1616 arduum

134 1643 201 1724 sibi,
220 1650 318 1704 cetera
338 1643 441 1722 legatis
460 1645 603 1722 permisit.
636 1642 744 1722 quibus
762 1642 848 1722 plana
867 1651 1038 1721 evenerant,
1058 1644 1142 1704 lacile

132 1734 289 1810 inrupere:
304 1734 371 1810 quis
383 1730 592 1811 inpugnandus
606 1748 704 1810 agger,
718 1738 752 1790 ut
766 1733 793 1791 si
806 1748 924 1791 murum
939 1732 1142 1812 succederent,

134 1819 273 1899 gravibus
288 1837 416 1899 superne
425 1819 535 1880 ictibus
545 1817 798 1879 conflictabantur.
827 1820 920 1878 sensit
934 1819 994 1879 dux
1008 1821 1142 1897 inparem

134 1910 300 1969 comminus
313 1925 443 1986 pugnam
456 1908 638 1984 remotisque
652 1906 771 1984 paulum
791 1905 957 1983 legionibus
976 1907 1142 1968 funditores

94 2010 121 2050 ro
133 1994 343 2073 libritoresque
361 2002 501 2055 excutere
514 1993 574 2055 tela
587 2001 617 2054 et
630 1993 807 2073 proturbare
821 1993 937 2054 hostem
953 1994 1044 2054 iubet.
1072 1998 1141 2056 mis·

135 2101 184 2144 sae
208 2101 224 2143 e
246 2085 402 2143 tormentis
425 2081 539 2163 bastae,
563 2091 731 2162 quantoque
751 2083 905 2159 conspicui
921 2083 1015 2160 magis
1034 2101 1142 2162 propu-

134 2180 281 2252 gnatores,
303 2177 386 2231 tanto
409 2169 545 2250 pluribus
567 2169 739 2230 vulneribus
758 2169 874 2230 deiecti.
907 2171 1022 2249 primus
1036 2171 1143 2232 Caesar

134 2278 202 2321 cum
216 2260 375 2338 praetoriis
394 2258 566 2320 cohortibus
586 2265 671 2337 capto
690 2256 764 2318 vallo
782 2256 864 2317 dedit
881 2260 1025 2337 impetum
1044 2261 1075 2318 in
1094 2260 1142 2319 sil-

134 2366 199 2429 vas3
226 2345 341 2408 conlato
368 2346 428 2408 illie
452 2347 544 2426 gradu
566 2353 720 2408 certatum.
761 2345 876 2406 hostem
900 2364 916 2406 a
938 2354 1022 2425 tergo
1050 2345 1142 2426 palus,

96 2451 121 2493 15
135 2435 282 2498 Romanos
296 2435 407 2496 llumen
425 2443 476 2496 aut
489 2443 605 2495 montes
620 2433 808 2496 claudebant:
827 2435 963 2513 utrisque
981 2437 1142 2495 necessitas

134 2527 166 2585 in
180 2525 254 2606 loco,
269 2542 336 2603 spes
351 2525 383 2584 in
396 2525 516 2601 virtute,
531 2522 610 2584 salus
624 2541 661 2583 ex
675 2523 806 2583 victoria.

203 2610 254 2674 21.
277 2611 338 2674 Nee
357 2613 454 2673 minor
468 2611 621 2672 Germanis
635 2613 763 2690 animus,
782 2610 833 2671 sed
852 2628 961 2688 genere
979 2628 1094 2690 pugnae
1114 2619 1144 2670 et

136 2719 285 2762 armorum
309 2699 538 2780 superabantur,
566 2718 635 2760 curn
662 2701 766 2778 ingens
793 2698 953 2780 multitudo
975 2702 1048 2759 artis
1070 2699 1143 2759 locis

135 2788 309 2869 praelongas
322 2789 422 2850 hastas
435 2807 495 2849 non
509 2787 709 2867 protenderet,
728 2805 788 2847 non
803 2786 964 2868 colligeret,
982 2804 1079 2864 neque
1094 2786 1143 2847 ad-

136 2875 264 2938 sultibus
282 2883 313 2936 et
331 2876 485 2939 velocitate
510 2894 670 2954 corporum
692 2882 841 2955 uteretur,
864 2881 965 2935 coacta
984 2874 1088 2936 stabile
1107 2875 1143 2934 ed

109 2979 123 3020 s
136 2964 296 3046 proelium3
318 2973 421 3026 contra
433 2965 529 3045 miles,
548 2966 597 3026 cni
611 2971 728 3025 scutum
742 2965 857 3042 pectori
870 2963 1043 3041 adpressum
1058 2970 1087 3023 et
1101 2964 1144 3022 in·

136 3053 237 3115 sidens
256 3051 360 3131 capulo
377 3070 498 3133 manus,
516 3053 590 3114 latos
608 3051 803 3112 barbarorum
821 3058 904 3111 artus
936 3051 1015 3112 nuda
1034 3069 1085 3111 ora
1103 3052 1144 3110 lo-

137 3143 222 3203 deret
239 3142 374 3219 namque
393 3149 491 3220 strage
508 3141 639 3201 hostium
657 3141 799 3220 aperiret,
821 3097 997 3219 inprffmptd
1012 3141 1070 3200 iam
1088 3141 1144 3199 Αν-

137 3218 280 3292 minio'ob
295 3231 435 3291 continua
443 3227 584 3308 pericula,
599 3230 660 3289 sive
668 3226 750 3287 illum
760 3245 866 3288 recens
873 3235 1028 3306 acceptum
1038 3227 1146 3288 vulnus

208 3436 253 3504 20,
266 3434 336 3491 1hia
348 3435 470 3490 oberlin:
484 3431 521 3487 iis
537 3435 541 3503 Ι
559 3439 592 3488 10
606 3432 810 3499 libratoresque
819 3431 982 3500 Reroaldeas
997 3432 1144 3504 ef.13,39l

137 3505 183 3574 21,
203 3513 219 3562 3
238 3522 295 3560 non
314 3505 478 3562 collineerei
498 3505 668 3575 Madvigii
688 3500 815 3556 Arminio
833 3501 988 3557 Beroaldus
1010 3504 1148 3572 oppleuit
