<?xml version="1.0" encoding="UTF-8"?>
<!DOCTYPE html PUBLIC "-//W3C//DTD XHTML 1.0 Transitional//EN"
    "http://www.w3.org/TR/xhtml1/DTD/xhtml1-transitional.dtd">
<html xmlns="http://www.w3.org/1999/xhtml" xml:lang="en" lang="en">
 <head>
  <title>
</title>
<meta http-equiv="Content-Type" content="text/html;charset=utf-8" />
  <meta name='ocr-system' content='tesseract 3.04.00' />
  <meta name='ocr-capabilities' content='ocr_page ocr_carea ocr_par ocr_line ocrx_word'/>
</head>
<body>
  <div class='ocr_page' id='page_1' title='image "./libriquisupersu00halmgoog_0364.png"; bbox 0 0 2392 3876; ppageno 0'>
   <div class='ocr_carea' id='block_1_1' title="bbox 255 196 1066 262">
    <p class='ocr_par' dir='ltr' id='par_1_1' title="bbox 255 196 1066 262">
     <span class='ocr_line' id='line_1_1' title="bbox 255 196 1066 262; baseline 0.009 -6"><span class='ocrx_word' id='word_1_1' title='bbox 255 203 303 256; x_wconf 85' lang='lat' dir='ltr'><strong>AB</strong></span> <span class='ocrx_word' id='word_1_2' title='bbox 321 199 484 257; x_wconf 78' lang='lat' dir='ltr'><strong>EXOESSU</strong></span> <span class='ocrx_word' id='word_1_3' title='bbox 500 197 655 254; x_wconf 76' lang='lat' dir='ltr'><strong>AUGUSTI</strong></span> <span class='ocrx_word' id='word_1_4' title='bbox 672 196 732 252; x_wconf 84' lang='lat' dir='ltr'><strong>XV.</strong></span> <span class='ocrx_word' id='word_1_5' title='bbox 752 204 865 254; x_wconf 79' lang='grc'><strong>67-11.</strong></span> <span class='ocrx_word' id='word_1_6' title='bbox 999 197 1066 262; x_wconf 83' lang='grc'><strong>353</strong></span> 
     </span>
    </p>
   </div>
   <div class='ocr_carea' id='block_1_2' title="bbox 56 344 1112 2549">
    <p class='ocr_par' dir='ltr' id='par_1_2' title="bbox 56 344 1066 592">
     <span class='ocr_line' id='line_1_2' title="bbox 56 344 1066 430; baseline -0.009 -14"><span class='ocrx_word' id='word_1_7' title='bbox 56 356 228 416; x_wconf 81' lang='lat' dir='ltr'><strong>memoriam</strong></span> <span class='ocrx_word' id='word_1_8' title='bbox 243 350 424 430; x_wconf 84' lang='lat' dir='ltr'><strong>relinquunt.</strong></span> <span class='ocrx_word' id='word_1_9' title='bbox 457 344 623 409; x_wconf 83' lang='lat' dir='ltr'><strong>accesserat</strong></span> <span class='ocrx_word' id='word_1_10' title='bbox 637 366 744 428; x_wconf 92' lang='lat' dir='ltr'><strong>repens</strong></span> <span class='ocrx_word' id='word_1_11' title='bbox 759 364 859 428; x_wconf 90' lang='lat' dir='ltr'><strong>causa,</strong></span> <span class='ocrx_word' id='word_1_12' title='bbox 879 347 959 426; x_wconf 93' lang='lat' dir='ltr'><strong>quod</strong></span> <span class='ocrx_word' id='word_1_13' title='bbox 972 345 1066 408; x_wconf 87' lang='lat' dir='ltr'><strong>Vesti-</strong></span> 
     </span>
     <span class='ocr_line' id='line_1_3' title="bbox 57 435 1066 516; baseline -0.009 -12"><span class='ocrx_word' id='word_1_14' title='bbox 57 459 113 504; x_wconf 88' lang='lat' dir='ltr'><strong>nus</strong></span> <span class='ocrx_word' id='word_1_15' title='bbox 127 438 273 502; x_wconf 77' lang='lat' dir='ltr'><strong>Statiliam</strong></span> <span class='ocrx_word' id='word_1_16' title='bbox 287 437 472 500; x_wconf 71' lang='lat' dir='ltr'><strong>Messalinam</strong></span> <span class='ocrx_word' id='word_1_17' title='bbox 486 439 673 497; x_wconf 87' lang='lat' dir='ltr'><strong>matrimonio</strong></span> <span class='ocrx_word' id='word_1_18' title='bbox 688 435 745 496; x_wconf 91' lang='lat' dir='ltr'><strong>sibi</strong></span> <span class='ocrx_word' id='word_1_19' title='bbox 758 436 907 516; x_wconf 83' lang='lat' dir='ltr'><strong>iunxerat,</strong></span> <span class='ocrx_word' id='word_1_20' title='bbox 921 435 1000 497; x_wconf 90' lang='lat' dir='ltr'><strong>haud</strong></span> <span class='ocrx_word' id='word_1_21' title='bbox 1014 453 1066 496; x_wconf 89' lang='lat' dir='ltr'><strong>ne·</strong></span> 
     </span>
     <span class='ocr_line' id='line_1_4' title="bbox 56 525 774 592; baseline -0.01 0"><span class='ocrx_word' id='word_1_22' title='bbox 56 534 137 592; x_wconf 88' lang='lat' dir='ltr'><strong>scius</strong></span> <span class='ocrx_word' id='word_1_23' title='bbox 151 533 230 592; x_wconf 90' lang='lat' dir='ltr'><strong>inter</strong></span> <span class='ocrx_word' id='word_1_24' title='bbox 244 527 393 590; x_wconf 87' lang='lat' dir='ltr'><strong>adulteros</strong></span> <span class='ocrx_word' id='word_1_25' title='bbox 407 528 472 588; x_wconf 92' lang='lat' dir='ltr'><strong>eius</strong></span> <span class='ocrx_word' id='word_1_26' title='bbox 487 532 516 586; x_wconf 90' lang='lat' dir='ltr'><strong>et</strong></span> <span class='ocrx_word' id='word_1_27' title='bbox 531 525 684 587; x_wconf 85' lang='lat' dir='ltr'><strong>Caesarem</strong></span> <span class='ocrx_word' id='word_1_28' title='bbox 700 543 774 586; x_wconf 88' lang='lat' dir='ltr'><strong>esse.</strong></span> 
     </span>
    </p>

    <p class='ocr_par' dir='ltr' id='par_1_3' title="bbox 56 615 1112 2091">
     <span class='ocr_line' id='line_1_5' title="bbox 123 615 1067 698; baseline -0.006 -18"><span class='ocrx_word' id='word_1_29' title='bbox 123 616 174 681; x_wconf 83' lang='lat'><strong>69.</strong></span> <span class='ocrx_word' id='word_1_30' title='bbox 197 617 291 698; x_wconf 84' lang='lat' dir='ltr'><strong>igitur</strong></span> <span class='ocrx_word' id='word_1_31' title='bbox 312 633 372 678; x_wconf 92' lang='lat' dir='ltr'><strong>non</strong></span> <span class='ocrx_word' id='word_1_32' title='bbox 391 617 528 695; x_wconf 85' lang='lat' dir='ltr'><strong>crimine,</strong></span> <span class='ocrx_word' id='word_1_33' title='bbox 547 632 608 676; x_wconf 95' lang='lat' dir='ltr'><strong>non</strong></span> <span class='ocrx_word' id='word_1_34' title='bbox 626 623 798 675; x_wconf 80' lang='lat' dir='ltr'><strong>accusatore</strong></span> <span class='ocrx_word' id='word_1_35' title='bbox 817 615 976 694; x_wconf 82' lang='lat' dir='ltr'><strong>existente,</strong></span> <span class='ocrx_word' id='word_1_36' title='bbox 998 615 1067 693; x_wconf 90' lang='lat' dir='ltr'><strong>quia</strong></span> 
     </span>
     <span class='ocr_line' id='line_1_6' title="bbox 56 703 1067 788; baseline -0.008 -18"><span class='ocrx_word' id='word_1_37' title='bbox 56 709 186 788; x_wconf 87' lang='lat' dir='ltr'><strong>speciem</strong></span> <span class='ocrx_word' id='word_1_38' title='bbox 205 707 312 768; x_wconf 89' lang='lat' dir='ltr'><strong>iudicis</strong></span> <span class='ocrx_word' id='word_1_39' title='bbox 335 703 460 765; x_wconf 86' lang='lat' dir='ltr'><strong>induere</strong></span> <span class='ocrx_word' id='word_1_40' title='bbox 483 719 543 764; x_wconf 91' lang='lat' dir='ltr'><strong>non</strong></span> <span class='ocrx_word' id='word_1_41' title='bbox 565 710 694 783; x_wconf 85' lang='lat' dir='ltr'><strong>poterat,</strong></span> <span class='ocrx_word' id='word_1_42' title='bbox 718 703 753 764; x_wconf 91' lang='lat' dir='ltr'><strong>ad</strong></span> <span class='ocrx_word' id='word_1_43' title='bbox 777 703 836 763; x_wconf 83' lang='grc'><strong>1111</strong></span> <span class='ocrx_word' id='word_1_44' title='bbox 858 703 1067 764; x_wconf 90' lang='lat' dir='ltr'><strong>dominationis</strong></span> 
     </span>
     <span class='ocr_line' id='line_1_7' title="bbox 56 791 1067 858; baseline -0.007 0"><span class='ocrx_word' id='word_1_45' title='bbox 56 804 217 858; x_wconf 82' lang='lat' dir='ltr'><strong>conversus</strong></span> <span class='ocrx_word' id='word_1_46' title='bbox 232 794 421 855; x_wconf 73' lang='lat' dir='ltr'><strong>Gerellanum</strong></span> <span class='ocrx_word' id='word_1_47' title='bbox 442 791 596 852; x_wconf 90' lang='lat' dir='ltr'><strong>tribunum</strong></span> <span class='ocrx_word' id='word_1_48' title='bbox 609 810 678 853; x_wconf 91' lang='lat' dir='ltr'><strong>cum</strong></span> <span class='ocrx_word' id='word_1_49' title='bbox 692 792 814 852; x_wconf 88' lang='lat' dir='ltr'><strong>cohorte</strong></span> <span class='ocrx_word' id='word_1_50' title='bbox 829 791 956 852; x_wconf 89' lang='lat' dir='ltr'><strong>militurn</strong></span> <span class='ocrx_word' id='word_1_51' title='bbox 969 793 1067 852; x_wconf 91' lang='lat' dir='ltr'><strong>inmit-</strong></span> 
     </span>
     <span class='ocr_line' id='line_1_8' title="bbox 56 878 1067 962; baseline -0.007 -17"><span class='ocrx_word' id='word_1_52' title='bbox 56 888 93 946; x_wconf 94' lang='lat' dir='ltr'><strong>tit</strong></span> <span class='ocrx_word' id='word_1_53' title='bbox 120 883 262 962; x_wconf 87' lang='lat' dir='ltr'><strong>iubetque</strong></span> <span class='ocrx_word' id='word_1_54' title='bbox 291 881 465 960; x_wconf 86' lang='lat' dir='ltr'><strong>praevenire</strong></span> <span class='ocrx_word' id='word_1_55' title='bbox 488 887 611 941; x_wconf 89' lang='lat' dir='ltr'><strong>conatus</strong></span> <span class='ocrx_word' id='word_1_56' title='bbox 639 880 783 961; x_wconf 90' lang='lat' dir='ltr'><strong>consulis,</strong></span> <span class='ocrx_word' id='word_1_57' title='bbox 814 897 960 959; x_wconf 87' lang='lat' dir='ltr'><strong>occupare</strong></span> <span class='ocrx_word' id='word_1_58' title='bbox 988 878 1067 940; x_wconf 83' lang='lat' dir='ltr'><strong>velut</strong></span> 
     </span>
     <span class='ocr_line' id='line_1_9' title="bbox 57 966 1095 1051; baseline -0.009 -18"><span class='ocrx_word' id='word_1_59' title='bbox 57 989 155 1033; x_wconf 90' lang='lat' dir='ltr'><strong>arcem</strong></span> <span class='ocrx_word' id='word_1_60' title='bbox 179 973 258 1050; x_wconf 88' lang='lat' dir='ltr'><strong>eius,</strong></span> <span class='ocrx_word' id='word_1_61' title='bbox 281 971 448 1049; x_wconf 82' lang='lat' dir='ltr'><strong>opprimere</strong></span> <span class='ocrx_word' id='word_1_62' title='bbox 468 967 612 1029; x_wconf 89' lang='lat' dir='ltr'><strong>delectam</strong></span> <span class='ocrx_word' id='word_1_63' title='bbox 626 970 821 1051; x_wconf 84' lang='lat' dir='ltr'><strong>iuventutem,</strong></span> <span class='ocrx_word' id='word_1_64' title='bbox 841 971 910 1050; x_wconf 87' lang='lat' dir='ltr'><strong>quia</strong></span> <span class='ocrx_word' id='word_1_65' title='bbox 928 966 1095 1030; x_wconf 79' lang='lat' dir='ltr'><strong>Vestinuss</strong></span> 
     </span>
     <span class='ocr_line' id='line_1_10' title="bbox 57 1056 1067 1138; baseline -0.004 -17"><span class='ocrx_word' id='word_1_66' title='bbox 57 1062 237 1121; x_wconf 86' lang='lat' dir='ltr'><strong>inminentes</strong></span> <span class='ocrx_word' id='word_1_67' title='bbox 255 1059 320 1119; x_wconf 84' lang='lat' dir='ltr'><strong>loro</strong></span> <span class='ocrx_word' id='word_1_68' title='bbox 339 1057 427 1118; x_wconf 89' lang='lat' dir='ltr'><strong>aedes</strong></span> <span class='ocrx_word' id='word_1_69' title='bbox 446 1057 612 1136; x_wconf 87' lang='lat' dir='ltr'><strong>decoraque</strong></span> <span class='ocrx_word' id='word_1_70' title='bbox 636 1060 755 1119; x_wconf 89' lang='lat' dir='ltr'><strong>servitia</strong></span> <span class='ocrx_word' id='word_1_71' title='bbox 775 1065 804 1119; x_wconf 91' lang='grc'><strong>11</strong></span> <span class='ocrx_word' id='word_1_72' title='bbox 822 1061 887 1138; x_wconf 92' lang='lat' dir='ltr'><strong>pari</strong></span> <span class='ocrx_word' id='word_1_73' title='bbox 905 1064 1000 1120; x_wconf 87' lang='lat' dir='ltr'><strong>aetate</strong></span> <span class='ocrx_word' id='word_1_74' title='bbox 1018 1056 1067 1117; x_wconf 92' lang='lat' dir='ltr'><strong>ha-</strong></span> 
     </span>
     <span class='ocr_line' id='line_1_11' title="bbox 58 1145 1068 1225; baseline -0.002 -16"><span class='ocrx_word' id='word_1_75' title='bbox 58 1147 153 1209; x_wconf 89' lang='lat' dir='ltr'><strong>bebat.</strong></span> <span class='ocrx_word' id='word_1_76' title='bbox 183 1154 290 1209; x_wconf 89' lang='lat' dir='ltr'><strong>cuncta</strong></span> <span class='ocrx_word' id='word_1_77' title='bbox 309 1164 344 1206; x_wconf 92' lang='lat' dir='ltr'><strong>eo</strong></span> <span class='ocrx_word' id='word_1_78' title='bbox 364 1145 411 1207; x_wconf 93' lang='lat' dir='ltr'><strong>die</strong></span> <span class='ocrx_word' id='word_1_79' title='bbox 430 1147 530 1207; x_wconf 90' lang='lat' dir='ltr'><strong>munia</strong></span> <span class='ocrx_word' id='word_1_80' title='bbox 549 1145 680 1206; x_wconf 90' lang='lat' dir='ltr'><strong>consulis</strong></span> <span class='ocrx_word' id='word_1_81' title='bbox 699 1146 871 1225; x_wconf 86' lang='lat' dir='ltr'><strong>impleverat</strong></span> <span class='ocrx_word' id='word_1_82' title='bbox 889 1149 1068 1207; x_wconf 83' lang='lat' dir='ltr'><strong>convivium·</strong></span> 
     </span>
     <span class='ocr_line' id='line_1_12' title="bbox 57 1233 1068 1317; baseline -0.002 -20"><span class='ocrx_word' id='word_1_83' title='bbox 57 1252 116 1317; x_wconf 78' lang='lat' dir='ltr'><strong>que</strong></span> <span class='ocrx_word' id='word_1_84' title='bbox 131 1235 308 1316; x_wconf 86' lang='lat' dir='ltr'><strong>celebrabat,</strong></span> <span class='ocrx_word' id='word_1_85' title='bbox 323 1233 397 1296; x_wconf 92' lang='lat' dir='ltr'><strong>nihil</strong></span> <span class='ocrx_word' id='word_1_86' title='bbox 410 1241 547 1296; x_wconf 89' lang='lat' dir='ltr'><strong>metuens</strong></span> <span class='ocrx_word' id='word_1_87' title='bbox 561 1251 599 1293; x_wconf 94' lang='lat' dir='ltr'><strong>an</strong></span> <span class='ocrx_word' id='word_1_88' title='bbox 613 1233 824 1309; x_wconf 84' lang='lat' dir='ltr'><strong>dissimulando</strong></span> <span class='ocrx_word' id='word_1_89' title='bbox 838 1243 929 1315; x_wconf 90' lang='lat' dir='ltr'><strong>metu,</strong></span> <span class='ocrx_word' id='word_1_90' title='bbox 942 1253 1011 1295; x_wconf 91' lang='lat' dir='ltr'><strong>cum</strong></span> <span class='ocrx_word' id='word_1_91' title='bbox 1026 1236 1068 1295; x_wconf 95' lang='lat' dir='ltr'><strong>in·</strong></span> 
     </span>
     <span class='ocr_line' id='line_1_13' title="bbox 57 1321 1068 1405; baseline -0.002 -20"><span class='ocrx_word' id='word_1_92' title='bbox 57 1327 153 1405; x_wconf 84' lang='lat' dir='ltr'><strong>gressi</strong></span> <span class='ocrx_word' id='word_1_93' title='bbox 171 1324 282 1385; x_wconf 84' lang='lat' dir='ltr'><strong>milites</strong></span> <span class='ocrx_word' id='word_1_94' title='bbox 301 1324 400 1384; x_wconf 88' lang='lat' dir='ltr'><strong>vocari</strong></span> <span class='ocrx_word' id='word_1_95' title='bbox 419 1340 488 1384; x_wconf 90' lang='lat' dir='ltr'><strong>eum</strong></span> <span class='ocrx_word' id='word_1_96' title='bbox 506 1339 523 1383; x_wconf 88' lang='lat' dir='ltr'><strong>a</strong></span> <span class='ocrx_word' id='word_1_97' title='bbox 540 1322 661 1383; x_wconf 88' lang='lat' dir='ltr'><strong>tribuno</strong></span> <span class='ocrx_word' id='word_1_98' title='bbox 682 1321 792 1383; x_wconf 80' lang='lat' dir='ltr'><strong>dixere.</strong></span> <span class='ocrx_word' id='word_1_99' title='bbox 819 1321 869 1383; x_wconf 88' lang='grc'><strong>1111</strong></span> <span class='ocrx_word' id='word_1_100' title='bbox 883 1322 957 1382; x_wconf 92' lang='lat' dir='ltr'><strong>nihil</strong></span> <span class='ocrx_word' id='word_1_101' title='bbox 971 1322 1068 1383; x_wconf 90' lang='lat' dir='ltr'><strong>demo-</strong></span> 
     </span>
     <span class='ocr_line' id='line_1_14' title="bbox 58 1409 1112 1490; baseline -0.006 -17"><span class='ocrx_word' id='word_1_102' title='bbox 58 1419 141 1474; x_wconf 84' lang='lat' dir='ltr'><strong>ratus</strong></span> <span class='ocrx_word' id='word_1_103' title='bbox 156 1410 289 1490; x_wconf 81' lang='lat' dir='ltr'><strong>exsurgit</strong></span> <span class='ocrx_word' id='word_1_104' title='bbox 308 1419 338 1473; x_wconf 95' lang='lat' dir='ltr'><strong>et</strong></span> <span class='ocrx_word' id='word_1_105' title='bbox 357 1413 454 1472; x_wconf 89' lang='lat' dir='ltr'><strong>omnia</strong></span> <span class='ocrx_word' id='word_1_106' title='bbox 473 1409 562 1472; x_wconf 89' lang='lat' dir='ltr'><strong>simul</strong></span> <span class='ocrx_word' id='word_1_107' title='bbox 581 1417 793 1490; x_wconf 84' lang='lat' dir='ltr'><strong>properantur:</strong></span> <span class='ocrx_word' id='word_1_108' title='bbox 816 1409 965 1471; x_wconf 83' lang='lat' dir='ltr'><strong>clauditur</strong></span> <span class='ocrx_word' id='word_1_109' title='bbox 986 1409 1069 1471; x_wconf 89' lang='lat' dir='ltr'><strong>cubi·</strong></span> <span class='ocrx_word' id='word_1_110' title='bbox 1084 1426 1112 1466; x_wconf 80' lang='lat' dir='ltr'><strong>ro</strong></span> 
     </span>
     <span class='ocr_line' id='line_1_15' title="bbox 58 1498 1070 1582; baseline -0.003 -20"><span class='ocrx_word' id='word_1_111' title='bbox 58 1499 139 1582; x_wconf 91' lang='lat' dir='ltr'><strong>culo,</strong></span> <span class='ocrx_word' id='word_1_112' title='bbox 154 1508 273 1581; x_wconf 90' lang='lat' dir='ltr'><strong>praesto</strong></span> <span class='ocrx_word' id='word_1_113' title='bbox 289 1508 334 1560; x_wconf 86' lang='lat' dir='ltr'><strong>est</strong></span> <span class='ocrx_word' id='word_1_114' title='bbox 348 1501 495 1574; x_wconf 85' lang='lat' dir='ltr'><strong>medicus,</strong></span> <span class='ocrx_word' id='word_1_115' title='bbox 510 1498 726 1560; x_wconf 86' lang='lat' dir='ltr'><strong>abscinduntur</strong></span> <span class='ocrx_word' id='word_1_116' title='bbox 740 1516 830 1559; x_wconf 88' lang='lat' dir='ltr'><strong>venae</strong></span> <span class='ocrx_word' id='word_1_117' title='bbox 834 1546 843 1580; x_wconf 95' lang='lat'><strong>,</strong></span> <span class='ocrx_word' id='word_1_118' title='bbox 858 1501 960 1578; x_wconf 83' lang='lat' dir='ltr'><strong>vigens</strong></span> <span class='ocrx_word' id='word_1_119' title='bbox 973 1499 1070 1559; x_wconf 88' lang='lat' dir='ltr'><strong>adhuc</strong></span> 
     </span>
     <span class='ocr_line' id='line_1_16' title="bbox 58 1586 1070 1669; baseline -0.002 -19"><span class='ocrx_word' id='word_1_120' title='bbox 58 1589 163 1650; x_wconf 89' lang='lat' dir='ltr'><strong>balneo</strong></span> <span class='ocrx_word' id='word_1_121' title='bbox 178 1589 319 1669; x_wconf 88' lang='lat' dir='ltr'><strong>iniertnr,</strong></span> <span class='ocrx_word' id='word_1_122' title='bbox 339 1588 432 1649; x_wconf 89' lang='lat' dir='ltr'><strong>calida</strong></span> <span class='ocrx_word' id='word_1_123' title='bbox 446 1604 522 1667; x_wconf 88' lang='lat' dir='ltr'><strong>aqua</strong></span> <span class='ocrx_word' id='word_1_124' title='bbox 535 1595 696 1667; x_wconf 83' lang='lat' dir='ltr'><strong>mersatur,</strong></span> <span class='ocrx_word' id='word_1_125' title='bbox 715 1586 795 1647; x_wconf 87' lang='lat' dir='ltr'><strong>nulla</strong></span> <span class='ocrx_word' id='word_1_126' title='bbox 812 1587 891 1648; x_wconf 90' lang='lat' dir='ltr'><strong>edita</strong></span> <span class='ocrx_word' id='word_1_127' title='bbox 905 1603 991 1669; x_wconf 84' lang='lat' dir='ltr'><strong>voce,</strong></span> <span class='ocrx_word' id='word_1_128' title='bbox 1012 1605 1070 1666; x_wconf 90' lang='lat' dir='ltr'><strong>qna</strong></span> 
     </span>
     <span class='ocr_line' id='line_1_17' title="bbox 58 1675 1071 1756; baseline -0.002 -18"><span class='ocrx_word' id='word_1_129' title='bbox 58 1687 154 1738; x_wconf 87' lang='lat' dir='ltr'><strong>semet</strong></span> <span class='ocrx_word' id='word_1_130' title='bbox 171 1679 373 1738; x_wconf 88' lang='lat' dir='ltr'><strong>miseraretur.</strong></span> <span class='ocrx_word' id='word_1_131' title='bbox 415 1676 590 1737; x_wconf 87' lang='lat' dir='ltr'><strong>circumdati</strong></span> <span class='ocrx_word' id='word_1_132' title='bbox 612 1675 732 1736; x_wconf 88' lang='lat' dir='ltr'><strong>interim</strong></span> <span class='ocrx_word' id='word_1_133' title='bbox 755 1675 889 1736; x_wconf 87' lang='lat' dir='ltr'><strong>custodia</strong></span> <span class='ocrx_word' id='word_1_134' title='bbox 912 1678 964 1756; x_wconf 90' lang='lat' dir='ltr'><strong>qui</strong></span> <span class='ocrx_word' id='word_1_135' title='bbox 983 1675 1071 1736; x_wconf 90' lang='lat' dir='ltr'><strong>simul</strong></span> 
     </span>
     <span class='ocr_line' id='line_1_18' title="bbox 58 1765 1070 1845; baseline -0.002 -19"><span class='ocrx_word' id='word_1_136' title='bbox 58 1765 286 1845; x_wconf 83' lang='lat' dir='ltr'><strong>discubuerant,</strong></span> <span class='ocrx_word' id='word_1_137' title='bbox 300 1782 355 1826; x_wconf 90' lang='lat' dir='ltr'><strong>nec</strong></span> <span class='ocrx_word' id='word_1_138' title='bbox 370 1766 429 1825; x_wconf 89' lang='lat' dir='ltr'><strong>nisi</strong></span> <span class='ocrx_word' id='word_1_139' title='bbox 442 1773 581 1844; x_wconf 87' lang='lat' dir='ltr'><strong>provecta</strong></span> <span class='ocrx_word' id='word_1_140' title='bbox 596 1770 683 1825; x_wconf 88' lang='lat' dir='ltr'><strong>nocte</strong></span> <span class='ocrx_word' id='word_1_141' title='bbox 697 1766 799 1825; x_wconf 89' lang='lat' dir='ltr'><strong>omissi</strong></span> <span class='ocrx_word' id='word_1_142' title='bbox 813 1772 895 1844; x_wconf 90' lang='lat' dir='ltr'><strong>sunt,</strong></span> <span class='ocrx_word' id='word_1_143' title='bbox 914 1772 1070 1843; x_wconf 90' lang='lat' dir='ltr'><strong>postquam</strong></span> 
     </span>
     <span class='ocr_line' id='line_1_19' title="bbox 58 1854 1111 1938; baseline -0.006 -23"><span class='ocrx_word' id='word_1_144' title='bbox 58 1868 197 1933; x_wconf 82' lang='lat' dir='ltr'><strong>pavorem</strong></span> <span class='ocrx_word' id='word_1_145' title='bbox 218 1871 335 1936; x_wconf 88' lang='lat' dir='ltr'><strong>eorum,</strong></span> <span class='ocrx_word' id='word_1_146' title='bbox 354 1872 390 1913; x_wconf 88' lang='lat' dir='ltr'><strong>ex</strong></span> <span class='ocrx_word' id='word_1_147' title='bbox 408 1870 511 1913; x_wconf 88' lang='lat' dir='ltr'><strong>mensa</strong></span> <span class='ocrx_word' id='word_1_148' title='bbox 530 1854 652 1938; x_wconf 85' lang='lat' dir='ltr'><strong>exitium</strong></span> <span class='ocrx_word' id='word_1_149' title='bbox 672 1854 902 1933; x_wconf 86' lang='lat' dir='ltr'><strong>opperientium,</strong></span> <span class='ocrx_word' id='word_1_150' title='bbox 922 1860 952 1913; x_wconf 98' lang='grc'><strong>11</strong></span> <span class='ocrx_word' id='word_1_151' title='bbox 970 1854 1069 1930; x_wconf 89' lang='lat' dir='ltr'><strong>imagi·</strong></span> <span class='ocrx_word' id='word_1_152' title='bbox 1085 1868 1111 1909; x_wconf 83' lang='grc'><strong>11</strong></span> 
     </span>
     <span class='ocr_line' id='line_1_20' title="bbox 58 1937 1070 2022; baseline 0.001 -20"><span class='ocrx_word' id='word_1_153' title='bbox 58 1950 145 2003; x_wconf 85' lang='grc'><strong>11111</strong></span> <span class='ocrx_word' id='word_1_154' title='bbox 168 1947 199 2002; x_wconf 87' lang='lat' dir='ltr'><strong>et</strong></span> <span class='ocrx_word' id='word_1_155' title='bbox 217 1942 351 2002; x_wconf 90' lang='lat' dir='ltr'><strong>inridens</strong></span> <span class='ocrx_word' id='word_1_156' title='bbox 369 1940 448 2003; x_wconf 85' lang='lat' dir='ltr'><strong>Nero</strong></span> <span class='ocrx_word' id='word_1_157' title='bbox 467 1942 539 2002; x_wconf 85' lang='lat' dir='ltr'><strong>satis</strong></span> <span class='ocrx_word' id='word_1_158' title='bbox 558 1937 697 2021; x_wconf 89' lang='lat' dir='ltr'><strong>supplicii</strong></span> <span class='ocrx_word' id='word_1_159' title='bbox 719 1941 810 2001; x_wconf 87' lang='lat' dir='ltr'><strong>luisse</strong></span> <span class='ocrx_word' id='word_1_160' title='bbox 833 1941 874 2002; x_wconf 90' lang='grc'><strong>111</strong></span> <span class='ocrx_word' id='word_1_161' title='bbox 896 1958 951 2022; x_wconf 92' lang='lat' dir='ltr'><strong>pro</strong></span> <span class='ocrx_word' id='word_1_162' title='bbox 974 1941 1070 2021; x_wconf 88' lang='lat' dir='ltr'><strong>epulis</strong></span> 
     </span>
     <span class='ocr_line' id='line_1_21' title="bbox 56 2029 271 2091; baseline 0 0"><span class='ocrx_word' id='word_1_163' title='bbox 56 2029 271 2091; x_wconf 86' lang='lat' dir='ltr'><strong>consularibus.</strong></span> 
     </span>
    </p>

    <p class='ocr_par' dir='ltr' id='par_1_4' title="bbox 56 2115 1096 2549">
     <span class='ocr_line' id='line_1_22' title="bbox 117 2115 1070 2198; baseline 0.001 -19"><span class='ocrx_word' id='word_1_164' title='bbox 117 2117 176 2179; x_wconf 81' lang='grc'><strong>-70,</strong></span> <span class='ocrx_word' id='word_1_165' title='bbox 204 2117 289 2179; x_wconf 86' lang='lat' dir='ltr'><strong>Exim</strong></span> <span class='ocrx_word' id='word_1_166' title='bbox 304 2117 418 2180; x_wconf 78' lang='lat' dir='ltr'><strong>Annaei</strong></span> <span class='ocrx_word' id='word_1_167' title='bbox 431 2117 543 2179; x_wconf 83' lang='lat' dir='ltr'><strong>Lucani</strong></span> <span class='ocrx_word' id='word_1_168' title='bbox 557 2117 678 2178; x_wconf 87' lang='lat' dir='ltr'><strong>caedem</strong></span> <span class='ocrx_word' id='word_1_169' title='bbox 690 2119 826 2198; x_wconf 85' lang='lat' dir='ltr'><strong>imperat.</strong></span> <span class='ocrx_word' id='word_1_170' title='bbox 857 2118 884 2178; x_wconf 86' lang='lat' dir='ltr'><strong>is</strong></span> <span class='ocrx_word' id='word_1_171' title='bbox 903 2115 1070 2197; x_wconf 75' lang='lat' dir='ltr'><strong>profluente</strong></span> 
     </span>
     <span class='ocr_line' id='line_1_23' title="bbox 56 2206 1070 2286; baseline 0.003 -20"><span class='ocrx_word' id='word_1_172' title='bbox 56 2207 201 2284; x_wconf 87' lang='lat' dir='ltr'><strong>sangnine</strong></span> <span class='ocrx_word' id='word_1_173' title='bbox 220 2207 271 2267; x_wconf 89' lang='lat' dir='ltr'><strong>ubi</strong></span> <span class='ocrx_word' id='word_1_174' title='bbox 291 2207 451 2286; x_wconf 78' lang='lat' dir='ltr'><strong>frigescere</strong></span> <span class='ocrx_word' id='word_1_175' title='bbox 471 2206 562 2286; x_wconf 87' lang='lat' dir='ltr'><strong>pedes</strong></span> <span class='ocrx_word' id='word_1_176' title='bbox 580 2223 745 2286; x_wconf 87' lang='lat' dir='ltr'><strong>manusque</strong></span> <span class='ocrx_word' id='word_1_177' title='bbox 763 2214 794 2268; x_wconf 88' lang='grc'><strong>11</strong></span> <span class='ocrx_word' id='word_1_178' title='bbox 811 2206 951 2285; x_wconf 88' lang='lat' dir='ltr'><strong>paulatim</strong></span> <span class='ocrx_word' id='word_1_179' title='bbox 971 2207 1070 2269; x_wconf 84' lang='grc'><strong>111111-</strong></span> 
     </span>
     <span class='ocr_line' id='line_1_24' title="bbox 58 2293 1070 2374; baseline 0.006 -22"><span class='ocrx_word' id='word_1_180' title='bbox 58 2295 162 2353; x_wconf 90' lang='lat' dir='ltr'><strong>tremis</strong></span> <span class='ocrx_word' id='word_1_181' title='bbox 187 2295 293 2353; x_wconf 87' lang='lat' dir='ltr'><strong>cedere</strong></span> <span class='ocrx_word' id='word_1_182' title='bbox 321 2297 459 2373; x_wconf 90' lang='lat' dir='ltr'><strong>spiritum</strong></span> <span class='ocrx_word' id='word_1_183' title='bbox 487 2293 600 2354; x_wconf 81' lang='lat' dir='ltr'><strong>ismido</strong></span> <span class='ocrx_word' id='word_1_184' title='bbox 626 2295 722 2356; x_wconf 92' lang='lat' dir='ltr'><strong>adhuc</strong></span> <span class='ocrx_word' id='word_1_185' title='bbox 751 2303 781 2356; x_wconf 88' lang='grc'><strong>11</strong></span> <span class='ocrx_word' id='word_1_186' title='bbox 804 2304 938 2374; x_wconf 89' lang='lat' dir='ltr'><strong>compote</strong></span> <span class='ocrx_word' id='word_1_187' title='bbox 962 2300 1070 2358; x_wconf 87' lang='lat' dir='ltr'><strong>mentis</strong></span> 
     </span>
     <span class='ocr_line' id='line_1_25' title="bbox 57 2379 1069 2464; baseline 0.005 -24"><span class='ocrx_word' id='word_1_188' title='bbox 57 2387 179 2459; x_wconf 86' lang='lat' dir='ltr'><strong>pectore</strong></span> <span class='ocrx_word' id='word_1_189' title='bbox 197 2379 355 2458; x_wconf 87' lang='lat' dir='ltr'><strong>intellegit,</strong></span> <span class='ocrx_word' id='word_1_190' title='bbox 374 2382 548 2441; x_wconf 86' lang='lat' dir='ltr'><strong>recordatus</strong></span> <span class='ocrx_word' id='word_1_191' title='bbox 562 2398 681 2442; x_wconf 90' lang='lat' dir='ltr'><strong>carmen</strong></span> <span class='ocrx_word' id='word_1_192' title='bbox 699 2401 716 2442; x_wconf 90' lang='lat' dir='ltr'><strong>a</strong></span> <span class='ocrx_word' id='word_1_193' title='bbox 735 2401 767 2443; x_wconf 88' lang='lat' dir='ltr'><strong>se</strong></span> <span class='ocrx_word' id='word_1_194' title='bbox 782 2384 991 2464; x_wconf 89' lang='lat' dir='ltr'><strong>compositum,</strong></span> <span class='ocrx_word' id='word_1_195' title='bbox 1011 2403 1069 2463; x_wconf 89' lang='lat' dir='ltr'><strong>quo</strong></span> 
     </span>
     <span class='ocr_line' id='line_1_26' title="bbox 59 2466 1096 2549; baseline -0.002 -21"><span class='ocrx_word' id='word_1_196' title='bbox 59 2467 245 2528; x_wconf 88' lang='lat' dir='ltr'><strong>vulneratum</strong></span> <span class='ocrx_word' id='word_1_197' title='bbox 269 2466 393 2527; x_wconf 91' lang='lat' dir='ltr'><strong>militem</strong></span> <span class='ocrx_word' id='word_1_198' title='bbox 411 2484 466 2545; x_wconf 92' lang='lat' dir='ltr'><strong>pcr</strong></span> <span class='ocrx_word' id='word_1_199' title='bbox 485 2470 549 2527; x_wconf 87' lang='lat' dir='ltr'><strong>eius</strong></span> <span class='ocrx_word' id='word_1_200' title='bbox 568 2466 648 2528; x_wconf 92' lang='lat' dir='ltr'><strong>modi</strong></span> <span class='ocrx_word' id='word_1_201' title='bbox 666 2472 770 2530; x_wconf 90' lang='lat' dir='ltr'><strong>mortis</strong></span> <span class='ocrx_word' id='word_1_202' title='bbox 793 2473 951 2549; x_wconf 82' lang='lat' dir='ltr'><strong>imaginem</strong></span> <span class='ocrx_word' id='word_1_203' title='bbox 970 2471 1096 2532; x_wconf 83' lang='lat' dir='ltr'><strong>obisses</strong></span> 
     </span>
    </p>
   </div>
   <div class='ocr_carea' id='block_1_3' title="bbox 57 2554 1138 3173">
    <p class='ocr_par' dir='ltr' id='par_1_5' title="bbox 58 2554 1070 2881">
     <span class='ocr_line' id='line_1_27' title="bbox 58 2554 1069 2636; baseline 0.005 -20"><span class='ocrx_word' id='word_1_204' title='bbox 58 2555 235 2635; x_wconf 86' lang='lat' dir='ltr'><strong>tradiderat,</strong></span> <span class='ocrx_word' id='word_1_205' title='bbox 254 2573 359 2617; x_wconf 80' lang='lat' dir='ltr'><strong>versus</strong></span> <span class='ocrx_word' id='word_1_206' title='bbox 372 2558 454 2635; x_wconf 90' lang='lat' dir='ltr'><strong>ipsos</strong></span> <span class='ocrx_word' id='word_1_207' title='bbox 469 2554 596 2636; x_wconf 89' lang='lat' dir='ltr'><strong>rettulit,</strong></span> <span class='ocrx_word' id='word_1_208' title='bbox 618 2573 710 2635; x_wconf 88' lang='lat' dir='ltr'><strong>eaque</strong></span> <span class='ocrx_word' id='word_1_209' title='bbox 725 2557 768 2618; x_wconf 94' lang='lat' dir='ltr'><strong>illi</strong></span> <span class='ocrx_word' id='word_1_210' title='bbox 782 2575 920 2636; x_wconf 89' lang='lat' dir='ltr'><strong>suprema</strong></span> <span class='ocrx_word' id='word_1_211' title='bbox 934 2578 990 2620; x_wconf 83' lang='lat' dir='ltr'><strong>vox</strong></span> <span class='ocrx_word' id='word_1_212' title='bbox 1005 2560 1069 2621; x_wconf 89' lang='grc'><strong>1111.</strong></span> 
     </span>
     <span class='ocr_line' id='line_1_28' title="bbox 59 2642 1070 2728; baseline 0.005 -24"><span class='ocrx_word' id='word_1_213' title='bbox 59 2643 183 2704; x_wconf 91' lang='lat' dir='ltr'><strong>Senecio</strong></span> <span class='ocrx_word' id='word_1_214' title='bbox 203 2642 327 2722; x_wconf 90' lang='lat' dir='ltr'><strong>posthac</strong></span> <span class='ocrx_word' id='word_1_215' title='bbox 346 2652 376 2704; x_wconf 92' lang='lat' dir='ltr'><strong>et</strong></span> <span class='ocrx_word' id='word_1_216' title='bbox 394 2642 572 2713; x_wconf 83' lang='lat' dir='ltr'><strong>Quintianus</strong></span> <span class='ocrx_word' id='word_1_217' title='bbox 596 2651 625 2704; x_wconf 90' lang='grc'><strong>11</strong></span> <span class='ocrx_word' id='word_1_218' title='bbox 645 2644 806 2706; x_wconf 86' lang='lat' dir='ltr'><strong>Scaevinus</strong></span> <span class='ocrx_word' id='word_1_219' title='bbox 828 2664 887 2707; x_wconf 93' lang='lat' dir='ltr'><strong>non</strong></span> <span class='ocrx_word' id='word_1_220' title='bbox 911 2665 947 2708; x_wconf 82' lang='lat' dir='ltr'><strong>ex</strong></span> <span class='ocrx_word' id='word_1_221' title='bbox 969 2650 1070 2728; x_wconf 90' lang='lat' dir='ltr'><strong>priore</strong></span> 
     </span>
     <span class='ocr_line' id='line_1_29' title="bbox 58 2731 1069 2817; baseline 0.01 -26"><span class='ocrx_word' id='word_1_222' title='bbox 58 2734 135 2791; x_wconf 83' lang='lat' dir='ltr'><strong>vitae</strong></span> <span class='ocrx_word' id='word_1_223' title='bbox 149 2731 280 2811; x_wconf 88' lang='lat' dir='ltr'><strong>mollitia,</strong></span> <span class='ocrx_word' id='word_1_224' title='bbox 301 2750 369 2792; x_wconf 84' lang='lat' dir='ltr'><strong>mox</strong></span> <span class='ocrx_word' id='word_1_225' title='bbox 384 2731 492 2811; x_wconf 89' lang='lat' dir='ltr'><strong>reliqui</strong></span> <span class='ocrx_word' id='word_1_226' title='bbox 506 2734 728 2796; x_wconf 92' lang='lat' dir='ltr'><strong>coniuratorum</strong></span> <span class='ocrx_word' id='word_1_227' title='bbox 741 2736 873 2817; x_wconf 88' lang='lat' dir='ltr'><strong>periere,</strong></span> <span class='ocrx_word' id='word_1_228' title='bbox 891 2734 972 2798; x_wconf 91' lang='lat' dir='ltr'><strong>nullo</strong></span> <span class='ocrx_word' id='word_1_229' title='bbox 991 2739 1069 2801; x_wconf 89' lang='lat' dir='ltr'><strong>iacto</strong></span> 
     </span>
     <span class='ocr_line' id='line_1_30' title="bbox 58 2820 386 2881; baseline 0.003 -1"><span class='ocrx_word' id='word_1_230' title='bbox 58 2820 173 2881; x_wconf 85' lang='lat' dir='ltr'><strong>dictove</strong></span> <span class='ocrx_word' id='word_1_231' title='bbox 188 2820 386 2881; x_wconf 90' lang='lat' dir='ltr'><strong>memorando.</strong></span> 
     </span>
    </p>

    <p class='ocr_par' dir='ltr' id='par_1_6' title="bbox 57 2905 1138 3173">
     <span class='ocr_line' id='line_1_31' title="bbox 127 2905 1069 2996; baseline 0.011 -29"><span class='ocrx_word' id='word_1_232' title='bbox 127 2905 176 2968; x_wconf 81' lang='grc'><strong>71.</strong></span> <span class='ocrx_word' id='word_1_233' title='bbox 208 2907 266 2968; x_wconf 84' lang='lat' dir='ltr'><strong>Sed</strong></span> <span class='ocrx_word' id='word_1_234' title='bbox 290 2908 433 2988; x_wconf 85' lang='lat' dir='ltr'><strong>compleri</strong></span> <span class='ocrx_word' id='word_1_235' title='bbox 456 2911 577 2971; x_wconf 90' lang='lat' dir='ltr'><strong>interim</strong></span> <span class='ocrx_word' id='word_1_236' title='bbox 604 2910 677 2972; x_wconf 88' lang='lat' dir='ltr'><strong>urbs</strong></span> <span class='ocrx_word' id='word_1_237' title='bbox 699 2911 868 2996; x_wconf 82' lang='lat' dir='ltr'><strong>lunaribus,</strong></span> <span class='ocrx_word' id='word_1_238' title='bbox 892 2912 1069 2994; x_wconf 83' lang='lat' dir='ltr'><strong>Capitolium</strong></span> 
     </span>
     <span class='ocr_line' id='line_1_32' title="bbox 57 2995 1138 3081; baseline 0.01 -26"><span class='ocrx_word' id='word_1_239' title='bbox 57 2997 199 3077; x_wconf 81' lang='lat' dir='ltr'><strong>victimis3</strong></span> <span class='ocrx_word' id='word_1_240' title='bbox 218 2995 293 3057; x_wconf 90' lang='lat' dir='ltr'><strong>alins</strong></span> <span class='ocrx_word' id='word_1_241' title='bbox 312 2997 385 3079; x_wconf 86' lang='lat' dir='ltr'><strong>tilio,</strong></span> <span class='ocrx_word' id='word_1_242' title='bbox 407 2998 497 3060; x_wconf 82' lang='lat' dir='ltr'><strong>fratre</strong></span> <span class='ocrx_word' id='word_1_243' title='bbox 512 2997 587 3060; x_wconf 89' lang='lat' dir='ltr'><strong>alius</strong></span> <span class='ocrx_word' id='word_1_244' title='bbox 602 3008 653 3061; x_wconf 92' lang='lat' dir='ltr'><strong>aut</strong></span> <span class='ocrx_word' id='word_1_245' title='bbox 670 3004 837 3081; x_wconf 90' lang='lat' dir='ltr'><strong>propinquo</strong></span> <span class='ocrx_word' id='word_1_246' title='bbox 852 3010 903 3065; x_wconf 90' lang='lat' dir='ltr'><strong>aut</strong></span> <span class='ocrx_word' id='word_1_247' title='bbox 917 3007 1010 3065; x_wconf 90' lang='lat' dir='ltr'><strong>amico</strong></span> <span class='ocrx_word' id='word_1_248' title='bbox 1025 3007 1068 3065; x_wconf 93' lang='lat' dir='ltr'><strong>in·</strong></span> <span class='ocrx_word' id='word_1_249' title='bbox 1135 3031 1138 3037; x_wconf 94' lang='lat'>·</span> 
     </span>
     <span class='ocr_line' id='line_1_33' title="bbox 57 3085 1068 3173; baseline 0.01 -29"><span class='ocrx_word' id='word_1_250' title='bbox 57 3085 203 3166; x_wconf 83' lang='lat' dir='ltr'><strong>terfectis,</strong></span> <span class='ocrx_word' id='word_1_251' title='bbox 232 3104 320 3165; x_wconf 83' lang='lat' dir='ltr'><strong>agere</strong></span> <span class='ocrx_word' id='word_1_252' title='bbox 341 3094 439 3166; x_wconf 85' lang='lat' dir='ltr'><strong>grates</strong></span> <span class='ocrx_word' id='word_1_253' title='bbox 462 3089 539 3170; x_wconf 89' lang='lat' dir='ltr'><strong>deis,</strong></span> <span class='ocrx_word' id='word_1_254' title='bbox 567 3108 673 3151; x_wconf 88' lang='lat' dir='ltr'><strong>ornare</strong></span> <span class='ocrx_word' id='word_1_255' title='bbox 701 3090 787 3153; x_wconf 91' lang='lat' dir='ltr'><strong>lauru</strong></span> <span class='ocrx_word' id='word_1_256' title='bbox 810 3092 944 3173; x_wconf 91' lang='lat' dir='ltr'><strong>domum,</strong></span> <span class='ocrx_word' id='word_1_257' title='bbox 972 3111 1068 3173; x_wconf 83' lang='lat' dir='ltr'><strong>genua</strong></span> 
     </span>
    </p>
   </div>
   <div class='ocr_carea' id='block_1_4' title="bbox 55 3327 1068 3616">
    <p class='ocr_par' dir='ltr' id='par_1_7' title="bbox 55 3327 1068 3616">
     <span class='ocr_line' id='line_1_34' title="bbox 127 3327 1066 3402; baseline 0.006 -22"><span class='ocrx_word' id='word_1_258' title='bbox 127 3327 172 3392; x_wconf 78' lang='lat' dir='ltr'><strong>aa,</strong></span> <span class='ocrx_word' id='word_1_259' title='bbox 185 3333 217 3382; x_wconf 84' lang='grc'><strong>16</strong></span> <span class='ocrx_word' id='word_1_260' title='bbox 231 3342 328 3382; x_wconf 84' lang='grc'><strong>111111</strong></span> <span class='ocrx_word' id='word_1_261' title='bbox 342 3327 457 3399; x_wconf 80' lang='lat' dir='ltr'><strong>Lipsius</strong></span> <span class='ocrx_word' id='word_1_262' title='bbox 473 3334 477 3395; x_wconf 81' lang='lat' dir='ltr'><strong>l</strong></span> <span class='ocrx_word' id='word_1_263' title='bbox 493 3328 566 3399; x_wconf 79' lang='grc'><strong>119,1</strong></span> <span class='ocrx_word' id='word_1_264' title='bbox 581 3329 714 3402; x_wconf 84' lang='lat' dir='ltr'><strong>ispociem</strong></span> <span class='ocrx_word' id='word_1_265' title='bbox 727 3329 841 3386; x_wconf 85' lang='lat' dir='ltr'><strong>indiciis</strong></span> <span class='ocrx_word' id='word_1_266' title='bbox 857 3335 861 3402; x_wconf 89' lang='grc' dir='ltr'>Ι</span> <span class='ocrx_word' id='word_1_267' title='bbox 877 3338 895 3387; x_wconf 82' lang='grc'><strong>1</strong></span> <span class='ocrx_word' id='word_1_268' title='bbox 909 3335 1066 3402; x_wconf 82' lang='lat' dir='ltr'><strong>occuparet,</strong></span> 
     </span>
     <span class='ocr_line' id='line_1_35' title="bbox 56 3395 1068 3479; baseline 0.011 -32"><span class='ocrx_word' id='word_1_269' title='bbox 56 3411 104 3448; x_wconf 85' lang='lat' dir='ltr'><strong>em.</strong></span> <span class='ocrx_word' id='word_1_270' title='bbox 115 3395 294 3479; x_wconf 51' lang='lat' dir='ltr'><strong>,Puteolanus</strong></span> <span class='ocrx_word' id='word_1_271' title='bbox 309 3402 314 3470; x_wconf 94' lang='grc' dir='ltr'>Ι</span> <span class='ocrx_word' id='word_1_272' title='bbox 331 3406 347 3456; x_wconf 88' lang='grc'>8</span> <span class='ocrx_word' id='word_1_273' title='bbox 367 3399 493 3455; x_wconf 82' lang='lat' dir='ltr'><strong>celebrat</strong></span> <span class='ocrx_word' id='word_1_274' title='bbox 508 3403 512 3472; x_wconf 84' lang='lat' dir='ltr'><strong>l</strong></span> <span class='ocrx_word' id='word_1_275' title='bbox 530 3409 563 3456; x_wconf 78' lang='lat'><strong>12</strong></span> <span class='ocrx_word' id='word_1_276' title='bbox 583 3419 669 3472; x_wconf 84' lang='lat' dir='ltr'><strong>aqna:</strong></span> <span class='ocrx_word' id='word_1_277' title='bbox 688 3419 762 3472; x_wconf 82' lang='lat' dir='ltr'><strong>aqua</strong></span> <span class='ocrx_word' id='word_1_278' title='bbox 779 3419 862 3458; x_wconf 83' lang='grc'><strong>11111</strong></span> <span class='ocrx_word' id='word_1_279' title='bbox 875 3406 960 3472; x_wconf 83' lang='lat' dir='ltr'><strong>(aqua</strong></span> <span class='ocrx_word' id='word_1_280' title='bbox 972 3403 1068 3458; x_wconf 86' lang='lat' dir='ltr'><strong>infuse</strong></span> 
     </span>
     <span class='ocr_line' id='line_1_36' title="bbox 60 3463 1067 3547; baseline 0.013 -29"><span class='ocrx_word' id='word_1_281' title='bbox 60 3463 258 3547; x_wconf 67' lang='lat' dir='ltr'><strong>Wcosceycboro)</strong></span> <span class='ocrx_word' id='word_1_282' title='bbox 284 3473 288 3539; x_wconf 78' lang='grc'><strong>1</strong></span> <span class='ocrx_word' id='word_1_283' title='bbox 315 3477 347 3526; x_wconf 87' lang='lat' dir='ltr'><strong>1o</strong></span> <span class='ocrx_word' id='word_1_284' title='bbox 372 3487 406 3526; x_wconf 86' lang='lat' dir='ltr'><strong>ex</strong></span> <span class='ocrx_word' id='word_1_285' title='bbox 432 3488 529 3527; x_wconf 85' lang='lat' dir='ltr'><strong>mensa</strong></span> <span class='ocrx_word' id='word_1_286' title='bbox 549 3472 599 3530; x_wconf 83' lang='lat' dir='ltr'><strong>Fr.</strong></span> <span class='ocrx_word' id='word_1_287' title='bbox 620 3475 750 3530; x_wconf 83' lang='lat' dir='ltr'><strong>Medices:</strong></span> <span class='ocrx_word' id='word_1_288' title='bbox 769 3474 799 3530; x_wconf 82' lang='grc'><strong>11</strong></span> <span class='ocrx_word' id='word_1_289' title='bbox 816 3490 930 3530; x_wconf 82' lang='lat' dir='ltr'><strong>mensae</strong></span> <span class='ocrx_word' id='word_1_290' title='bbox 955 3477 959 3546; x_wconf 91' lang='grc' dir='ltr'>Ι</span> <span class='ocrx_word' id='word_1_291' title='bbox 986 3476 1067 3543; x_wconf 79' lang='grc'><strong>111</strong></span> 
     </span>
     <span class='ocr_line' id='line_1_37' title="bbox 55 3531 862 3616; baseline 0.017 -28"><span class='ocrx_word' id='word_1_292' title='bbox 55 3533 165 3590; x_wconf 79' lang='lat' dir='ltr'><strong>Annaea</strong></span> <span class='ocrx_word' id='word_1_293' title='bbox 182 3531 286 3596; x_wconf 74' lang='lat' dir='ltr'><strong>Blitea:</strong></span> <span class='ocrx_word' id='word_1_294' title='bbox 304 3558 386 3596; x_wconf 83' lang='lat' dir='ltr'><strong>mane</strong></span> <span class='ocrx_word' id='word_1_295' title='bbox 405 3560 443 3597; x_wconf 86' lang='lat' dir='ltr'><strong>na</strong></span> <span class='ocrx_word' id='word_1_296' title='bbox 462 3545 490 3597; x_wconf 86' lang='lat' dir='ltr'><strong>et</strong></span> <span class='ocrx_word' id='word_1_297' title='bbox 508 3543 554 3613; x_wconf 81' lang='grc' dir='ltr'><strong>(Μ.</strong></span> <span class='ocrx_word' id='word_1_298' title='bbox 574 3544 683 3599; x_wconf 84' lang='lat' dir='ltr'><strong>Annaei</strong></span> <span class='ocrx_word' id='word_1_299' title='bbox 701 3545 862 3616; x_wconf 80' lang='grc'><strong>1111111111)</strong></span> 
     </span>
    </p>
   </div>
   <div class='ocr_carea' id='block_1_5' title="bbox 108 3635 851 3690">
    <p class='ocr_par' dir='ltr' id='par_1_8' title="bbox 108 3635 851 3690">
     <span class='ocr_line' id='line_1_38' title="bbox 108 3635 851 3690; baseline 0.019 -15"><span class='ocrx_word' id='word_1_300' title='bbox 108 3635 211 3688; x_wconf 67' lang='lat' dir='ltr'><strong>raom</strong></span> <span class='ocrx_word' id='word_1_301' title='bbox 225 3637 300 3681; x_wconf 78' lang='lat' dir='ltr'><strong>PARS</strong></span> <span class='ocrx_word' id='word_1_302' title='bbox 315 3644 333 3683; x_wconf 94' lang='lat'><strong>1.</strong></span> <span class='ocrx_word' id='word_1_303' title='bbox 817 3641 851 3690; x_wconf 72' lang='lat'><strong>23</strong></span> 
     </span>
    </p>
   </div>
   <div class='ocr_carea' id='block_1_6' title="bbox 0 0 1200 3876">
    <p class='ocr_par' dir='ltr' id='par_1_9' title="bbox 0 0 1200 3876">
     <span class='ocr_line' id='line_1_39' title="bbox 0 0 1200 3876; baseline 0 0"><span class='ocrx_word' id='word_1_304' title='bbox 0 0 1200 3876; x_wconf 95' lang='lat' dir='ltr'><strong> </strong></span> 
     </span>
    </p>
   </div>
  </div>
 </body>
</html>
