2392 3876
267 161 316 240 AB
336 160 498 217 EXCESSU
515 160 673 217 AUGUSTI
691 161 761 217 XIV.
781 167 877 217 9—12.
1016 160 1080 226 289

72 315 148 372 tium
162 313 281 389 imperii
294 313 502 390 iuraturasque
517 313 549 371 in
562 311 687 391 feminae
702 309 790 372 verba
804 311 968 390 praetorias
978 309 1081 371 cobor-

72 410 118 461 tes
133 399 270 478 idemque
286 399 422 460 dedecus
434 407 560 460 senatus
572 407 601 460 et
620 398 722 478 populi
740 400 931 480 speravisset,
949 417 983 459 ac
1002 406 1082 477 post-

72 506 162 568 quam
176 488 286 549 frustra
304 488 403 551 habita
422 490 474 568 sit,
499 488 614 548 insensa
637 488 724 548 militi
742 488 935 569 patribusque
955 495 985 547 et
1003 486 1082 566 plebi

72 578 264 637 dissuasisset
283 576 450 637 donativum
473 585 502 636 et
525 579 707 655 congiarium
730 577 921 656 periculaque
944 577 1016 636 viris
1038 577 1109 636 in·⁵

74 665 218 726 lustribus
237 667 402 726 struxisset.
435 672 544 744 quanto
564 683 618 726 suo
637 663 736 726 labore
751 672 967 744 perpetratum,
988 682 1025 725 ne
1039 666 1082 724 in-

74 761 226 833 rumperet
241 755 366 833 curiam,
385 771 423 814 ne
437 752 575 832 gentibus
590 755 720 815 externis
735 772 876 834 responsa
890 752 982 814 daret.
1010 762 1082 813 tem·

73 860 180 922 porum
193 837 314 922 quoque
324 840 552 903 Claudianorum
566 841 685 922 obliqua
699 844 892 903 insectatione
902 849 1008 904 cuncta
1019 843 1082 902 eius

74 922 284 992 dominationis
296 929 405 1008 llagitia
419 932 450 991 in
464 939 588 990 matrem
602 931 761 1011 transtulit,
775 930 893 1011 publica
907 931 1025 991 fortuna
1035 948 1083 990 ex-

74 1023 213 1082 stinctam
226 1019 368 1080 reserens.
393 1037 520 1097 namque
531 1025 560 1078 et
570 1020 754 1100 naufragium
764 1019 916 1081 narrabat:
931 1019 1010 1099 quod
1025 1019 1083 1079 lor·
1097 1030 1123 1069 10

74 1111 183 1170 tuitum
197 1108 303 1188 fuisse,
318 1109 385 1187 quis
399 1108 471 1169 adeo
486 1107 578 1168 hebes
591 1109 787 1190 inveniretur,
801 1117 836 1170 ut
849 1103 1006 1170 crederet?
1034 1115 1085 1168 aut

75 1196 230 1258 amuliere
245 1197 386 1273 naufraga
400 1199 525 1258 missum
539 1215 607 1257 cum
621 1195 680 1257 telo
699 1215 804 1278 unum,
828 1201 880 1277 qui
898 1198 1035 1259 cohortes
1055 1205 1085 1256 et

75 1285 184 1347 classes
203 1286 391 1363 imperatoris
409 1282 628 1363 perfringeret?
656 1303 726 1364 ergo
740 1305 800 1346 non
814 1288 873 1346 iarn
885 1285 977 1366 Nero,
999 1288 1084 1347 cuius

75 1376 232 1435 inmanitas
250 1375 382 1435 omnium
401 1381 523 1453 questus
542 1373 684 1453 anteibat,
706 1374 757 1435 sed
773 1374 885 1436 Seneca
898 1374 1021 1436 adverso
1035 1393 1084 1435 ru-

74 1481 157 1524 more
172 1470 248 1542 erat,
265 1462 344 1542 quod
363 1464 495 1522 oratione
510 1461 561 1523 tali
576 1462 791 1524 confessionem
805 1465 982 1542 scripsisset.
1098 1473 1125 1514 15

122 1549 382 1612 lausannen
402 1553 562 1612 certamine
576 1569 734 1630 procerum
754 1552 955 1615 decernuntur
975 1550 1085 1630 suppli-

76 1641 210 1700 cationes
226 1639 303 1718 apud
323 1642 420 1700 omnia
438 1639 615 1720 pulvinaria,
634 1648 726 1720 utque
742 1639 957 1721 Quinquatrus,
977 1639 1085 1718 quibus

76 1735 195 1804 apertae
214 1728 337 1788 insidiae
356 1736 468 1808 essent,
487 1728 564 1789 ludis
583 1732 688 1790 annuis
708 1728 942 1809 celebrarentur3
961 1747 1084 1789 aureum

76 1815 224 1875 Minervae
244 1814 433 1877 simulacrum
452 1819 584 1879 incuria
603 1825 633 1878 et
651 1819 732 1878 iuxta
751 1819 895 1899 principis
913 1819 1009 1895 imago
1029 1825 1084 1877 sta·

77 1911 247 1984 tocrentur3
261 1904 323 1964 dies
338 1904 442 1965 natalis
452 1906 629 1985 Agrippinae
644 1908 722 1967 inter
736 1906 865 1967 nelastos
880 1913 967 1967 esset.
995 1905 1084 1966 Thra·
1099 1919 1112 1958 5

77 2011 127 2054 sea
149 1991 258 2052 Paetus
286 1992 402 2054 silentio
429 1994 476 2054 vel
503 1993 586 2055 brevi
614 1994 741 2056 adsensu
764 1997 880 2073 priores
904 1993 1086 2064 adulationes

76 2083 279 2143 transmittere
293 2082 398 2142 solitus
413 2084 484 2143 exiit
497 2090 561 2143 tum
577 2092 694 2165 senatu,
708 2102 741 2144 ac
757 2083 813 2144 sibi
828 2101 947 2144 causam
961 2081 1087 2161 periculi

76 2172 155 2250 lecit,
169 2172 278 2231 ceteris
292 2169 437 2232 libe'rtatis
451 2173 568 2232 initium
582 2191 642 2232 non
656 2171 800 2251 praebuit.
823 2171 956 2250 prodigia
968 2189 1085 2251 quoque

77 2257 182 2318 crebra
197 2265 227 2318 et
240 2260 328 2318 inrita
343 2261 548 2320 intercessere.
576 2279 702 2339 anguem
716 2264 802 2323 enixa
812 2259 927 2340 mulier,
942 2267 972 2320 et
986 2259 1040 2320 alia
1054 2261 1086 2320 in

77 2343 239 2408 concubitu
257 2348 355 2406 mariti
374 2347 496 2408 fulmine
515 2350 690 2410 exanimata:
709 2352 767 2410 iam
786 2348 830 2410 sol
843 2356 966 2428 repente
981 2347 1085 2409 obscu-
1100 2362 1126 2402 1⁰

78 2443 160 2496 ratus
175 2440 312 2495 attactae
327 2434 363 2497 de
378 2434 458 2495 caelo
478 2437 714 2514 quattuordecim
732 2437 815 2499 urbis
833 2439 978 2516 regiones.
1011 2455 1086 2516 quae

78 2524 150 2583 adeo
165 2523 229 2581 sine
244 2540 315 2582 cura
329 2522 418 2583 deum
431 2523 617 2604 eveniebant,
640 2533 674 2586 ut
693 2525 802 2588 multos
821 2534 888 2605 post
902 2543 994 2586 annos
1007 2523 1086 2585 Nero

78 2612 235 2689 imperium
259 2617 289 2669 et
314 2608 425 2670 scelera
449 2613 673 2674 continuaverit.
714 2624 847 2675 ceterum
869 2633 928 2693 quo
952 2623 1087 2692 gravaret

78 2698 217 2759 invidiam
233 2699 336 2758 matris
355 2716 447 2777 eaque
466 2698 581 2760 demota
600 2708 715 2761 auctam
733 2701 884 2763 lenitatem
903 2720 986 2763 suam
1003 2703 1086 2763 testi·

78 2788 231 2866 licaretur,
250 2786 373 2847 seminas
392 2787 533 2847 inlustres
551 2787 665 2848 luniam
684 2796 714 2849 et
728 2787 928 2871 Calpurniam,
946 2798 1085 2869 practura
1100 2802 1126 2845 15

78 2876 196 2937 lunctos
214 2873 362 2936 Valerium
380 2874 552 2954 Capitonem
580 2883 610 2936 el
633 2875 779 2937 Licinium
798 2877 940 2939 Gabolum
966 2878 1086 2940 sedibus

77 2965 182 3044 patriis
197 2962 335 3044 reddidit,
349 2962 385 3025 ab
400 2963 560 3044 Agrippina
574 2962 645 3024 olim
659 2963 768 3043 pulsos.
796 2967 884 3026 etiam
893 2964 1002 3026 Lolliae
1013 2965 1086 3028 Pau-

77 3055 153 3115 linae
168 3055 284 3114 cineres
298 3055 445 3132 reportari
459 3052 687 3133 sepulcrumque
703 3056 817 3115 exstrui
830 3055 978 3133 permisit3
1000 3071 1086 3133 quos·

148 3294 194 3362 11,
213 3299 231 3348 4
253 3292 352 3348 habita
371 3295 511 3350 Maenalus:
540 3293 637 3349 ablata
659 3296 769 3366 (optate
790 3293 849 3348 sint
866 3294 914 3360 al.)
933 3295 967 3362 cs.
987 3296 1087 3361 13,17

78 3369 103 3417 et
121 3366 208 3435 5116
227 3365 375 3420 struxisset
400 3365 503 3421 Rc'ltcr:
531 3364 711 3421 instruxisset
734 3368 739 3436 Ι
764 3372 780 3422 8
804 3362 919 3434 obliqua
943 3365 1086 3436 Agricola:

78 3433 168 3488 oblita
191 3436 195 3505 Ι
222 3442 253 3491 11
277 3435 389 3503 fuisset,
417 3453 466 3492 em.
489 3436 640 3492 Rhenanus
662 3439 666 3506 Ι
691 3437 776 3504 12,1
805 3434 874 3490 exiit
900 3437 960 3490 tum
988 3436 1087 3490 senatu

77 3503 205 3574 Lipsius:
225 3506 341 3561 exitium
360 3505 472 3562 senatui
487 3509 492 3578 l
509 3513 542 3562 15
561 3509 693 3578 praetura
716 3507 891 3563 Vertranins:
909 3505 1087 3577 praefectura

131 3604 235 3646 raom
248 3606 323 3648 PARS
337 3607 357 3648 1.
838 3602 870 3650 19
