2408 3870
111 143 177 208 274
462 141 632 197 CORNELII
651 141 772 199 Tlolrl

111 311 181 372 pere
197 291 332 353 cubicula
350 293 520 371 principum
538 288 736 354 feminarum?
759 310 817 370 qua
835 293 999 375 sapientia,
1018 295 1135 375 qu'bus

110 380 353 460 pbilosophorum
371 382 539 458 praeceptis
558 382 635 440 intra
654 381 880 459 quadriennium
902 384 1007 460 regiae
1029 387 1134 458 amici·

110 473 167 530 tiae
183 477 228 530 ter
243 469 358 529 miliens
373 471 543 529 sestertium
562 465 746 547 paravisset?
769 467 879 529 Romae
897 477 1089 535 testamenta
1107 484 1136 536 et

110 558 199 619 orbos
213 557 293 618 velut
308 558 443 636 indagine
459 559 523 618 eius
538 557 616 638 capi,
634 556 745 618 ltaliam
761 566 791 618 et
804 559 976 637 provincias
991 562 1136 624 inmenso

71 670 97 708 eo
111 648 229 708 faenore
248 646 375 707 hauriri:
395 653 424 706 at
444 644 500 705 sibi
519 645 618 706 labore
639 647 800 724 quaesitam
820 653 851 707 et
868 646 1021 709 modicam
1041 669 1135 730 pecn-

111 739 187 797 niam
211 753 285 796 esse.
311 737 448 814 crimen,
472 733 651 814 pericnlum,
676 736 773 795 omnia
793 736 894 814 potius
914 734 1137 820 toleraturum,

110 843 197 904 quam
217 830 346 884 veterem
365 841 398 882 ac
418 822 497 881 domi
512 831 627 900 partam
641 823 841 901 dignationem
856 822 976 886 subitae
992 827 1136 890 felicitati

111 913 307 975 submitteret.

176 998 228 1061 43.
258 998 318 1059 Neo
342 998 465 1060 deerant
488 1001 540 1078 qui
554 1000 635 1066 ‚baec
659 1000 752 1061 isdem
780 1000 878 1063 verbis
907 1009 959 1062 aut
985 1021 1082 1067 versa
1106 1009 1136 1066 in

111 1089 242 1150 deterius
257 1087 385 1149 Senecae
401 1087 560 1149 deferrent
592 1091 763 1168 repertique
784 1096 975 1151 accusatores
992 1092 1137 1173 direptos

111 1180 219 1256 socios,
239 1195 307 1237 cum
326 1176 447 1238 Suillius
466 1179 647 1257 provinciam
665 1178 763 1238 Asiam
783 1185 914 1258 regeret,
932 1197 968 1240 ac
988 1181 1137 1259 publicae

111 1268 253 1346 pecuniae
268 1265 435 1344 peculatum
451 1265 629 1328 detulerunt.
657 1285 734 1346 mox,
749 1269 818 1346 qnia
833 1268 1070 1346 inquisitionem
1086 1290 1137 1333 an·

84 1374 200 1416 annam
219 1358 461 1437 impetraverant,
485 1354 605 1416 brevius
627 1356 723 1415 visum
747 1356 859 1416 urbana
878 1357 1008 1418 crimina
1027 1360 1137 1442 incipi,

112 1463 238 1525 quorum
253 1444 331 1506 obvii
345 1451 437 1506 testes
452 1452 544 1505 crant.
567 1445 589 1505 ii
603 1444 763 1506 acerbitate
778 1446 977 1506 accusationis
992 1445 1029 1517 Q.
1045 1447 1136 1510 Pom·

111 1537 231 1614 ponium
251 1533 287 1594 ad
306 1535 513 1594 necessitatem
532 1532 602 1593 belli
621 1533 714 1594 civilis
734 1533 897 1615 detrusum,
914 1532 1024 1596 loliam
1040 1535 1136 1600 Drusi

111 1623 199 1684 filiam
220 1622 416 1700 Sabinamque
435 1621 599 1700 Poppaeam
619 1622 655 1683 ad
675 1629 800 1683 mortem
820 1629 899 1685 actas
923 1629 953 1683 et
973 1622 1135 1688 Valerium

112 1712 285 1791 Asiaticum,
304 1710 427 1771 Lusium
443 1710 649 1793 Saturninum,
668 1710 839 1772 Cornelium
857 1711 975 1792 Lupum
997 1715 1136 1776 circum·

72 1821 97 1860 ιο
112 1809 228 1880 ventos,
252 1802 310 1860 iam
333 1801 465 1879 equitum
485 1799 683 1859 Romanorum
703 1801 817 1877 agmina
836 1800 973 1861 damnata
994 1820 1135 1866 omnem-

112 1907 170 1969 que
189 1889 302 1949 Claudii
321 1890 471 1949 saevitiam
491 1887 594 1949 Suillio
614 1888 809 1950 oblectabant.
845 1887 894 1949 ille
918 1887 996 1950 nihil
1021 1909 1062 1952 ex
1087 1893 1136 1954 bis

113 1985 217 2057 sponte
237 1986 420 2057 susceptum,
437 1977 497 2038 sed
516 1978 645 2056 principi
662 1979 798 2057 paruisse
817 1974 1013 2057 defendebat,
1033 1980 1136 2043 donee

113 2084 177 2126 eam
191 2067 355 2126 orationem
369 2064 475 2126 Caesar
490 2065 636 2147 cohibuit,
657 2074 843 2146 compertum
862 2065 919 2126 sibi
937 2066 1085 2131 referens
1099 2089 1136 2131 ex

113 2155 331 2214 commentariis
350 2155 443 2231 patris
463 2155 509 2213 sui
528 2153 637 2214 nullam
656 2157 831 2234 cuiusquam
850 2156 1080 2219 accusationem
1100 2159 1137 2220 ab

21 2314 25 2323 Ι
47 2251 49 2256 ·
74 2260 99 2300 15
113 2260 153 2323 eo·
167 2249 306 2302 coactam.
335 2250 398 2302 tum
416 2244 496 2302 iussa
510 2242 683 2305 Messalinae
697 2243 850 2322 praetendi
864 2250 895 2303 et
907 2241 1012 2305 labare
1028 2247 1135 2309 deien-

86 2325 88 2328 ’
114 2334 244 2393 sinz-cur
263 2333 341 2391 enim
360 2333 507 2391 neminem
522 2332 611 2392 aliurn
625 2331 786 2412 delectum,
805 2332 857 2411 qui
871 2333 1017 2394 saevienti
1033 2337 1136 2416 impu·

113 2420 195 2483 dicae
205 2438 307 2481 vocem
317 2417 495 2499 praeberet?
508 2421 675 2499 puniendos
689 2438 790 2482 rerum
805 2422 948 2481 atrocium
962 2424 1137 2506 ministros,

113 2512 164 2573 ubi
182 2512 277 2590 pretia
298 2509 442 2571 scelerum
463 2510 561 2588 adepti
576 2509 689 2571 scelera
703 2512 766 2589 ipsa
780 2509 844 2570 aliis
859 2508 1006 2588 delegerat
1037 2515 1138 2592 igitur

114 2602 247 2679 adempta
266 2599 412 2660 bonorum
430 2607 515 2677 parte
534 2591 617 2682 (nam
636 2597 695 2659 lilio
715 2608 744 2658 et
763 2600 844 2677 nepti
858 2615 927 2676 pars
941 2601 1137 2664 concedeba-

74 2706 99 2744 20
113 2699 162 2750 tur
182 2689 444 2767 eximebanturque
464 2690 551 2749 etiam
571 2705 646 2767 quae
664 2694 840 2748 testamento
860 2688 964 2747 matris
978 2697 1034 2750 ant
1048 2694 1136 2752 aviae

114 2770 303 2859 acceperant)
323 2780 354 2838 in
373 2776 484 2838 insulas
498 2775 636 2837 Baleares
653 2774 787 2856 pellitur,
806 2792 866 2836 non
883 2777 916 2835 in
933 2776 1000 2855 ipso
1022 2777 1134 2842 discri-

113 2869 205 2944 mine,
229 2883 288 2925 non
312 2874 379 2944 post
402 2866 618 2926 damnationem
643 2865 754 2926 iractus
777 2865 888 2944 anim03
912 2862 1137 2948 ferebaturque

114 2957 231 3033 copiosa
251 2962 280 3013 et
298 2953 379 3014 molli
397 2956 456 3015 vita
474 2961 622 3015 secretum
641 2952 712 3013 iilud
732 2951 911 3013 toleravisse.
946 2950 1043 3014 filium
1064 2959 1135 3018 eins

113 3042 298 3104 Nerullinum
322 3042 469 3121 adgressis
493 3041 714 3104 accusatoribus
737 3059 791 3120 per
814 3040 954 3101 invidiam
977 3046 1078 3118 patris
1105 3055 1136 3106 et

72 3146 99 3186 2⁵
114 3134 237 3194 crimina
260 3131 505 3213 repetundarum,
528 3132 698 3192 intercessit
720 3132 860 3208 princeps
883 3138 1036 3207 tamquam
1057 3137 1137 3195 satis

115 3221 229 3300 expleta
243 3220 363 3281 ultione.

185 3354 229 3422 42,
249 3362 282 3410 22
303 3372 335 3410 ao
354 3355 430 3408 domi
448 3354 509 3409 Joc.
531 3352 699 3410 (lammina.-
718 3370 751 3408 ac
769 3352 805 3409 dd
824 3351 944 3422 (agendo
963 3351 1135 3428 Ddderleio)

117 3427 166 3498 123
177 3425 349 3494 submittere,
369 3424 546 3494 emLa'psioe
562 3424 627 3493 143,
647 3431 662 3480 b
681 3424 773 3480 risum
790 3424 915 3479 moena
934 3421 1028 3476 uisum
1050 3427 1107 3482 sub
1128 3429 1133 3500 Ι

115 3503 148 3551 15
157 3495 290 3566 protendi
301 3497 305 3568 l
317 3503 351 3552 20
361 3494 441 3550 aviae
452 3494 634 3551 Freinsheim:
650 3495 715 3550 ania
725 3496 772 3567 (ab
782 3493 956 3563 ariaSirker)
970 3493 974 3565 i
986 3499 1019 3548 21
1033 3495 1136 3558 insula
