2392 3876
127 187 192 251 212
477 183 645 239 CORNELII
662 182 781 237 TAGlTI

125 338 200 398 tium
214 335 360 413 permina
374 334 564 412 ignominiam
578 331 734 392 mollirent.
757 331 796 391 ob
811 349 844 392 ea
858 331 1019 410 Vipstanus
1037 335 1149 395 consul

127 422 243 484 rettulit
254 430 371 501 patrem
391 429 512 482 senatus
531 420 737 500 appellandum
757 438 823 480 esse
837 419 1007 481 Claudium:
1029 426 1148 503 quippe

127 513 308 592 promiscum
319 512 415 589 patris
429 512 542 588 patriae
554 517 799 589 cognomentum
818 526 892 568 nova
911 511 942 568 in
957 527 1029 571 rem
1039 512 1149 590 publi-

87 620 114 660 m
128 619 190 662 cam
206 601 311 660 merita
324 617 384 659 non
399 600 516 658 usitatis
530 596 680 658 vocabulis
698 597 881 658 honoranda:
900 597 952 657 sed
972 600 1040 676 ipse
1063 601 1148 662 colai·

127 690 193 750 buit
206 687 359 749 consulem
372 695 407 747 ut
420 689 544 746 nimium
558 685 770 746 adsentantem.
794 685 985 765 condiditque
1000 687 1149 771 lustrum,

128 796 187 858 quo
198 794 286 839 censa
296 777 484 836 sunt-civium
495 777 711 854 quinquagiens
721 777 1149 858 norienscentenaoctoginta

129 857 269 946 ¹quattuor
286 863 368 924 milia
385 866 571 943 septuaginta
585 863 652 924 duo.
680 865 765 942 isque
779 863 822 924 illi
833 864 903 923 linis
912 866 1059 927 inscitiae
1076 888 1149 949 erga

128 956 248 1016 domum
262 971 346 1014 suam
360 953 429 1013 brit:
442 951 522 1012 haud
533 951 629 1012 multo
639 959 711 1031 post
724 951 833 1030 flagitia
847 954 949 1013 uxoris
964 972 1097 1018 noscere
1113 979 1149 1020 ac

89 1061 115 1102 sa
128 1046 235 1123 punire
249 1042 384 1121 adactus,
398 1049 432 1101 ut
443 1040 552 1102 deinde
566 1040 736 1101 ardesceret
750 1043 781 1102 iu
795 1042 914 1119 nuptias
928 1044 1073 1106 incestas.

195 1129 246 1192 26.
273 1130 334 1191 lam
357 1128 512 1190 Messalina
532 1128 674 1190 facilitate
697 1129 909 1192 adulteriorum
932 1132 963 1190 in
983 1132 1149 1197 dastidium

129 1238 214 1281 versa
230 1219 265 1279 ad
280 1206 597 1298 incognitaslibidines
611 1216 789 1298 prolluebat,
809 1237 877 1279 cum
895 1218 1035 1298 abrumpi
1050 1224 1148 1285 rdissi-

130 1308 322 1369 mutationem
335 1309 424 1368 etiam
435 1306 534 1386 Silius,
547 1308 609 1367 eive
620 1307 700 1367 fatali
709 1307 862 1367 vaecordia
873 1309 1148 1374 ouimminentium

129 1396 331 1478 periculorum
345 1396 509 1457 remedirmr
523 1398 586 1474 ipsa
600 1394 732 1474 pericula
746 1403 838 1476 natus,
847 1396 1013 1473 urguebat:
1029 1403 1147 1481 quippe

104 1505 116 1545 a
131 1505 189 1546 non
204 1505 240 1546 ec
255 1493 384 1565 ventum,
398 1493 431 1545 ut
443 1486 753 1563 senectam-principis
762 1486 987 1563 opperirentur.
1016 1488 1147 1551 insonti-

130 1575 186 1636 bus
200 1576 319 1634 inuoxia
334 1573 464 1655 consilia,
475 1572 597 1652 flagitiis
610 1574 773 1634 manifestis
784 1573 953 1634 subsidium
968 1574 1004 1634 ab
1019 1578 1147 1640 audacia

130 1664 299 1743 petendum.
337 1663 440 1723 adesse
463 1664 598 1723 conscios
619 1663 702 1741 ,paria
725 1669 901 1724 metuentes.
938 1681 969 1722 se
984 1665 1147 1748 cadlibem,

131 1753 250 1832 orbum,
265 1753 378 1830 nuptiis
393 1759 422 1811 et
436 1751 602 1828 adoptando
615 1749 785 1812 Britannico
800 1762 942 1828 paratum.
969 1769 1147 1817 mansuram

131 1841 255 1901 eandem
272 1839 445 1900 Messalinae
461 1840 638 1920 potentiam,
656 1839 759 1899 addita
777 1842 951 1918 securitate,
976 1842 1002 1900 si
1020 1859 1146 1921 praeve-

92 1947 118 1986 ιο
131 1933 231 1991 nirent
248 1929 416 2010 Claudium,
432 1935 472 1989 vut
494 1928 611 1988 insidiis
634 1930 799 2008 incautum,
819 1930 863 1988 ita
886 1931 947 1988 irae
970 1947 1146 2010 properum.

133 2020 263 2097 segniter
278 2035 328 2078 eae
343 2035 431 2077 voces
445 2024 596 2095 acceptae,
615 2034 675 2076 non
690 2035 789 2076 amore
809 2019 839 2077 in
858 2019 1012 2100 maritum,
1027 2021 1087 2081 ,ssd
1107 2041 1146 2082 ue

133 2108 222 2168 Silius
237 2124 351 2167 summa
365 2106 489 2184 adeptus
500 2113 655 2182 sperneret
664 2104 1085 2185 adulteramsoelusqueiuter
1095 2129 1145 2170 an-

133 2199 232 2276 cipitia
246 2195 404 2274 probatum
418 2195 495 2254 veris
510 2211 578 2264 mox
592 2195 697 2271 pretiis
712 2195 888 2255 aestimaret.
915 2213 1028 2256 ,nomen
1037 2201 1146 2259 tamen

132 2285 313 2346 matrimonii
326 2284 495 2362 concupivit
509 2281 547 2342 cb
561 2281 794 2368 magnitudinem
807 2282 952 2364 inluniae,
966 2286 1054 2347 cuius
1064 2287 1146 2365 apud

94 2389 119 2429 15
133 2375 273 2454 prodigos
287 2373 446 2433 norissima
459 2370 592 2449 voluptas
606 2378 659 2431 ost.
675 2362 743 2431 'nec
754 2371 1033 2455 ultraexspectato,
1054 2393 1146 2454 qnam

134 2464 202 2524 dum
219 2463 356 2524 sacrificii
370 2459 742 2539 gratiadlaudiusdstiam
761 2461 1015 2542 proficisceretur,
1028 2473 1146 2525 cuncta

133 2555 305 2631 nuptiarum
312 2549 470 2610 esollomuia
484 2547 630 2609 celebrat„

200 2638 251 2701 27.
265 2638 354 2700 llaud
373 2656 440 2699 sam
453 2640 579 2717 ignarus
599 2636 765 2698 fabulosum
783 2639 879 2699 risum
892 2640 931 2699 iri
944 2646 1060 2700 tantum
1076 2641 1146 2702 ullis

133 2727 302 2810 mortalium
310 2729 480 2789 securitatis
494 2727 586 2787 luisse
595 2729 630 2787 in
639 2727 762 2786 civitate
776 2729 1010 2807 omniumtgnara
1026 2736 1056 2788 at
1071 2730 1146 2790 nihil

133 2817 278 2876 reticente
283 2862 291 2894 ,
310 2816 419 2876 nedum
435 2813 587 2876 consulem
602 2815 870 2892 designatumcum
883 2834 976 2877 uxore
990 2819 1146 2898 principia,

134 2903 284 2983 praedicta
299 2903 355 2982 die,
370 2903 509 2964 adhibitis
515 2905 571 2981 ‘qui
580 2902 778 2983 obsignarent,
787 2904 875 2966 ¹volut
884 2905 1144 2984 suscipiendorum

108 2992 296 3054 aliberorum
320 3008 407 3050 causa
432 2993 617 3071 convenisse,
641 2999 729 3070 atque
747 2991 833 3057 :illam
852 2994 969 3055 audisse
989 2997 1145 3074 auspicum

205 3161 252 3231 25,
268 3168 299 3217 17
314 3159 453 3230 permixti,
468 3177 516 3231 cm.
526 3161 618 3216 Ritter
633 3164 638 3230 Ι
654 3161 868 3231 nilamnionem.
885 3163 948 3219 Olor.
959 3165 1149 3236 A..Rnpertns

350 3237 731 3247 ——-——-—--——--

138 3254 195 3325 lit
224 3250 327 3305 ciuium
344 3249 450 3305 LVIIII.
474 3249 604 3306 LXXIHI.
629 3250 727 3304 LXXII
748 3256 752 3318 Ι
774 3257 807 3305 25
827 3251 944 3306 aductm
963 3255 1007 3307 est
1025 3254 1146 3326 Nipper-

135 3326 187 3394 dey
202 3323 207 3394 Ι
222 3323 268 3390 26,
288 3329 302 3376 1
322 3321 394 3376 Nam
415 3321 521 3376 Belclcer
536 3325 541 3384 Ι
557 3321 748 3377 adulterormn
763 3325 767 3390 Ι
784 3329 800 3376 3
816 3321 877 3377 sive
902 3323 998 3378 taedio
1021 3326 1147 3381 incertae

135 3394 264 3448 fortunae
288 3392 347 3447 sira
369 3391 450 3448 fatali
467 3409 493 3445 v.
513 3392 672 3464 Nipperdey
688 3397 724 3463 lb
744 3394 857 3447 senecta
877 3392 1013 3464 principis
1036 3397 1148 3466 opperi-

135 3465 212 3518 retur
234 3471 238 3529 l
261 3471 277 3518 6
300 3463 403 3534 flagitii
428 3465 576 3520 Acidaliae
595 3467 599 3532 Ι
620 3471 635 3520 7
654 3465 735 3533 pario.
759 3465 786 3516 Γ
796 3464 863 3518 armi.
886 3464 980 3531 patria
1001 3470 1004 3531 Ι
1027 3473 1060 3522 lb
1082 3485 1148 3538 pro-

135 3533 247 3603 fligatos
267 3536 383 3605 Drdper,
402 3533 528 3605 perditos
547 3536 696 3605 Nipper‘br
721 3533 772 3572 ¹⁹⁵¹
816 3534 921 3580 ¹tenir
940 3535 1025 3590 nulli«
