2392 3876
291 183 339 238 AB
357 183 517 239 EXCESSU
534 182 690 239 AUGUSTI
706 183 752 239 111.
772 190 885 240 68-6'1.
1021 184 1083 247 117

75 342 146 411 tem,
160 331 325 394 Mamercus
339 335 460 412 antiqua
474 332 607 412 exempla
620 334 740 413 iaciens,
754 331 785 393 l.
796 332 909 393 Cottam
921 332 1085 410 aScipioue

75 422 229 502 Africano,
248 420 382 485 Serrium
397 421 519 482 Galbam
537 439 553 481 a
568 419 678 482 Catone
698 423 846 501 censorio,
865 421 896 482 P.
912 420 1086 482 Rutiliuma

75 510 111 570 M.
127 509 239 572 Scauro
259 518 421 571 accusatos.
459 509 595 570 videlicet
614 509 714 589 Scipio
732 517 763 570 et
780 508 850 570 Cato
870 509 938 570 talia
962 509 1086 570 ulcisce-

75 598 198 678 bantur,
217 606 268 659 aut
286 597 336 660 ille
355 597 499 679 ScauruS,
519 615 608 677 quem
625 616 769 677 proavum
787 615 875 658 suum
894 596 1087 678 obprobrium

75 689 221 748 maiorum
234 686 401 749 Mamercus
419 687 522 748 infami
540 705 630 766 opera
650 685 870 747 dehonestabat.
897 685 982 748 lunio
997 685 1086 746 Otho·
1101 697 1127 737 1⁰

75 777 107 835 ni
129 775 307 837 litterarium
329 774 434 838 ludum
457 792 597 836 exercere
620 782 705 835 vetus
728 792 777 835 ars
799 775 869 835 fuit:
897 792 965 835 mor
988 773 1087 834 Seiani

75 867 207 941 potentia
218 872 338 925 senator
352 862 478 924 obscure
492 865 576 925 initin
589 862 812 943 impudentibus
826 865 907 924 ausis
921 862 1087 942 propollue-

75 951 134 1012 bat.
157 950 348 1012 Bruttedium
361 951 474 1013 artibus
488 952 621 1013 honestis
635 954 789 1031 copiosum
803 959 846 1032 et,
860 954 887 1012 si
900 960 1016 1012 rectum
1030 953 1088 1010 iter

77 1047 228 1121 pergeret,
247 1039 283 1099 ad
302 1039 465 1102 clarissima
479 1058 615 1119 quaeque
628 1040 741 1101 iturum
756 1040 905 1100 festinatio
920 1039 1087 1100 exstimula·
1117 1105 1119 1109 ,

76 1127 139 1207 bat,
163 1128 235 1189 dum
252 1128 395 1210 aequalis,
414 1129 483 1190 dein
503 1131 687 1208 superiores,
706 1136 855 1207 postremo
875 1138 1005 1189 suasmet
1023 1129 1127 1207 ipse1⁵

77 1234 145 1295 spes
168 1219 263 1278 antire
285 1225 383 1296 pamt:
407 1217 487 1296 quod
509 1216 619 1277 multos
638 1218 727 1277 etiam
745 1215 839 1277 bonos
858 1235 980 1294 pessum
998 1215 1088 1296 dedit,

76 1308 128 1383 qui
146 1307 256 1383 spretis
275 1323 350 1385 quae
368 1305 456 1366 tarda
472 1323 539 1366 cum
559 1306 732 1385 securitate,
750 1305 937 1384 praematura
954 1304 1002 1365 vel
1020 1323 1089 1365 cum

77 1396 166 1453 exitio
180 1402 350 1471 properant.

145 1477 196 1540 67.
219 1481 337 1541 Auxere
360 1498 518 1541 numerum
536 1490 742 1542 accusatorum
760 1480 872 1542 Gellius
888 1479 1040 1541 Publicola
1059 1487 1089 1540 et

78 1568 115 1628 M.
135 1567 294 1648 Paconius,
312 1567 362 1628 ille
381 1575 523 1648 quaestor
542 1568 647 1650 Silani,
666 1568 714 1630 hic
732 1569 854 1647 legatus.
890 1587 947 1629 nec
964 1568 1089 1640 dubium

78 1654 243 1717 habebatur
267 1658 406 1718 saevitiae
430 1653 642 1736 captairumque
664 1660 859 1736 pecuniarum
876 1659 972 1717 teneri
991 1674 1087 1717 reum:

79 1745 132 1805 sed
155 1744 247 1805 multa
270 1744 488 1823 adgerebantur
510 1748 598 1806 etiam
621 1746 789 1807 insontibus
812 1745 991 1825 periculosa,
1020 1763 1088 1805 cum

79 1850 170 1912 super
195 1840 238 1893 tot
260 1842 412 1894 senatores
431 1833 571 1894 adversos
589 1834 807 1896 facundissimis
825 1836 917 1895 totius
936 1833 1021 1894 Asiae
1041 1844 1115 1893 eo-⁵

78 1940 136 2001 que
160 1921 195 1982 ad
224 1922 423 1984 accusandum
447 1921 569 1983 delectis
597 1924 792 2002 responderet
819 1922 900 1984 solus
929 1930 958 1982 et
986 1921 1089 1982 orandi

78 2012 211 2089 nescius,
226 2012 348 2089 proprio
362 2013 393 2070 in
408 2018 503 2091 metu,
517 2013 569 2088 qui
583 2013 743 2072 exercitam
758 2030 876 2091 quoquc
891 2011 1088 2090 eloquentiam

77 2098 226 2178 debilitat,
245 2116 306 2159 non
325 2107 508 2178 temperante
522 2099 642 2159 Tiberio
661 2101 733 2178 quin
747 2108 897 2178 premeret
911 2118 982 2160 voce
997 2100 1088 2179 vultu,

78 2205 113 2247 eo
134 2187 212 2267 quod
232 2189 295 2266 ipsc
320 2187 500 2248 creberrime
522 2187 736 2269 interrogabat,
760 2207 857 2268 neque
879 2188 1014 2249 refellere
1038 2198 1089 2248 aut

78 2275 200 2336 eludere
215 2274 352 2355 dabatur,
366 2294 400 2336 ac
415 2294 502 2354 saepe
516 2278 605 2336 etiam
620 2277 820 2338 confitendum
835 2284 912 2358 erat,
925 2296 963 2337 ne
978 2277 1087 2337 frustra
1103 2292 1128 2330 1o

79 2365 281 2443 quaesivisset.
319 2382 420 2424 servos
439 2383 557 2444 quoque
577 2364 681 2446 Silani,
701 2373 734 2425 ut
752 2368 907 2427 tormentis
926 2369 1088 2443 iuterroga-

79 2460 193 2531 rentur,
207 2461 289 2513 actor
303 2452 440 2531 publicus
454 2454 601 2531 mancipio
616 2464 778 2532 acceperat.
809 2462 890 2531 etue
905 2456 972 2533 quis
987 2472 1088 2513 neces·

79 2541 226 2603 sirio'rum
238 2543 355 2602 iuraret
367 2541 597 2620 periclitantem,
611 2544 772 2603 maiestatis
787 2545 910 2603 crimina
925 2540 1088 2601 subdeban-

78 2637 143 2706 tur,
165 2628 294 2690 vinclum
317 2637 347 2690 et
369 2632 531 2690 necessitas
554 2629 668 2690 silendi.
704 2633 795 2709 igitur
812 2632 905 2709 petito
925 2647 1088 2707 paucorum

80 2717 197 2776 dierum
207 2718 372 2778 interiectu
387 2718 589 2779 defensionem
607 2721 653 2779 sui
672 2718 818 2799 deseruit,
840 2720 919 2778 ausis
933 2717 970 2778 ad
985 2716 1086 2778 Cacsa—
1102 2733 1128 2773 15

80 2821 144 2864 rem
159 2804 313 2884 codicillis,
329 2805 437 2884 quibus
451 2805 591 2866 invidiam
606 2814 636 2866 et
649 2824 755 2886 preces
769 2810 938 2868 miscuerat.

150 2956 195 3026 66,
217 2963 250 3014 10
267 2957 405 3012 maiorum
424 2958 587 3014 Rhenanus:
612 2958 751 3015 melorum
767 2962 771 3027 Ι
788 2966 821 3015 12
839 2977 925 3030 prope
943 2959 1089 3030 polluebat

79 3027 174 3083 Raim.
193 3027 317 3100 Seyffert,
335 3028 485 3098 proluebat
501 3029 632 3098 Waltber‚
652 3030 799 3085 occulebat
813 3033 939 3103 Madvig,
958 3030 1086 3100 protege-

77 3099 129 3152 bat
147 3098 249 3166 Heller,
265 3099 451 3167 provolvebct
468 3100 529 3156 Jac.
550 3099 718 3168 Gronovius,
741 3101 914 3172 protollebat
931 3102 1087 3167 Acidaliae,

77 3185 161 3238 porro
179 3168 327 3239 polluebat
344 3169 474 3240 Dipsium
500 3173 562 3226 cide
583 3188 617 3226 nc
639 3175 710 3242 qood
728 3172 844 3242 Lipsius
866 3175 952 3228 coluit
976 3175 1008 3225 iu
1025 3173 1088 3238 ipso

77 3241 135 3296 cod.
155 3242 267 3296 lectrum
284 3241 387 3296 dictum
404 3243 449 3308 sit,
467 3248 499 3295 ut
517 3243 580 3298 item
594 3247 620 3311 6,
634 3248 673 3299 25
686 3243 832 3312 provivere
845 3260 911 3298 noce
924 3247 1088 3310 usurpatum

78 3317 117 3367 est
133 3315 138 3380 l
157 3318 190 3366 14
208 3313 365 3382 perageret,
384 3328 432 3366 em.
452 3311 603 3367 Rhenanus
619 3316 623 3381 Ι
641 3321 673 3369 lo
693 3314 783 3369 entire
801 3314 885 3384 paral
901 3313 992 3367 Bocb:
1011 3313 1088 3365 ente-

76 3383 192 3452 reporet
215 3383 221 3452 l
245 3381 499 3450 tenuereparcae
522 3382 624 3438 belitnt
648 3387 653 3452 Ι
678 3390 694 3439 9
716 3401 803 3452 eoque
822 3383 898 3451 quod
916 3384 1062 3437 Acidaliae
1083 3383 1086 3454 l

78 3459 111 3508 11
130 3454 346 3578 inqemlolgentur,
366 3470 413 3508 em.
432 3453 568 3524 Lepsios!
587 3460 618 3509 15
637 3454 726 3510 ausis:
746 3456 797 3512 alit
815 3453 916 3522 missis,
935 3454 987 3509 alii
1004 3468 1088 3507 ausus

76 3565 106 3581 ..
126 3540 158 3579 co
180 3541 217 3580 1cr
242 3539 273 3580 os
