2392 3876
139 184 205 249 230
488 181 658 238 CORNELII
674 182 793 239 'PACITI

203 330 254 394 27.
275 331 333 393 Sed
348 333 522 411 Agrippina,
537 350 596 412 quo
612 335 669 393 vim
684 351 768 395 suam
782 335 871 396 sociis
885 352 1008 415 quoque
1023 338 1154 398 nationi·

136 422 193 482 bus
207 428 383 500 ostentaret,
403 423 433 481 iu
448 421 589 500 oppidum
604 420 760 500 Ubiorum,
774 424 804 482 in
820 440 879 501 quo
893 426 995 502 genita
1009 432 1095 505 erat,
1110 445 1155 487 re-

136 519 254 571 teranos
273 509 477 588 coloniamque
496 509 604 571 deduci
622 512 770 591 impetrat,
789 513 838 573 cui
855 529 965 574 nomen
983 513 1121 575 inditum
1140 534 1155 576 e

136 598 278 660 vocabulo
293 599 396 678 ipsius.
424 616 458 659 ac
477 598 552 659 iorte
572 599 733 680 acciderat,
751 607 785 660 ut
799 617 862 660 eam
877 608 997 680 gentem
1011 601 1155 664 Rhenum

58 731 62 737 .
109 703 122 742 s
137 696 351 766 transgressam
365 705 436 748 arus
450 688 579 766 Agrippa
592 689 624 748 in
638 687 726 748 fidem
740 690 897 767 acciperet.

202 775 298 837 lsdem
313 775 496 854 temporibus
514 777 546 835 in
564 778 718 855 superiore
733 775 888 838 Germania
901 777 1092 856 trepidatum
1106 781 1155 842 ad-

136 874 226 927 ventu
244 864 417 926 Chattorum
435 864 589 925 latrocinia
607 866 789 944 agitantium.
827 866 896 927 dein
914 864 945 926 P.
965 864 1155 948 Pomponius

135 954 250 1033 legatus
264 952 421 1014 auxiliares
431 951 594 1031 Vangionas
609 971 642 1014 ac
655 952 802 1035 Nemetas,
816 954 916 1016 addito
930 956 1035 1034 equite
1050 957 1154 1038 alario,

136 1045 271 1116 inmittit,
289 1043 416 1102 monitos
435 1049 469 1103 ut
484 1043 631 1103 anteirent
645 1041 834 1122 populatores
849 1042 894 1103 vel
908 1042 1035 1122 dilapsis
1050 1048 1154 1125 inpro-

96 1149 121 1188 ιο
136 1133 191 1192 visi
209 1130 529 1192 circumfunderentur.
557 1138 587 1191 et
605 1138 707 1192 secuta
726 1130 883 1192 consilium
896 1131 983 1193 ducis
997 1133 1154 1197 industria

135 1221 270 1300 militum,
285 1219 431 1299 divisique
445 1220 476 1279 in
491 1219 549 1279 duo
564 1221 688 1299 agmina,
702 1221 755 1299 qui
767 1219 883 1281 laevum
897 1221 955 1280 iter
968 1223 1152 1305 petiverant,

135 1325 240 1370 recens
258 1325 395 1370 reversos
413 1307 581 1387 praedaque
598 1326 653 1386 per
672 1308 773 1370 ternum
792 1325 862 1370 usos
876 1316 907 1369 et
920 1326 1026 1370 somno
1042 1329 1152 1390 graves

135 1400 366 1459 circumvenere.
394 1405 479 1458 aucta
498 1396 621 1478 laetitia,
640 1396 718 1477 quod
734 1396 877 1475 quosdam
891 1415 908 1458 e
922 1396 1005 1458 clade
1021 1397 1153 1463 Variana

135 1487 412 1567 quadragensimum
425 1493 493 1564 post
506 1483 616 1547 annum
631 1487 752 1547 servitio
765 1492 943 1547 cremarent.

201 1573 252 1637 28.
271 1576 308 1635 ht
326 1577 377 1655 qui
396 1575 507 1636 dextris
521 1581 551 1634 et
564 1574 754 1654 propioribus
768 1573 950 1652 compendiis
964 1577 1078 1658 ierant,
1099 1579 1152 1640 ob·

134 1667 181 1726 vio
195 1664 274 1725 hosti
289 1670 319 1724 et
336 1665 429 1724 aciem
449 1680 520 1724 auso
539 1663 606 1742 plus
625 1663 716 1725 cladis
735 1663 858 1743 iaciunt,
878 1670 908 1725 et
925 1664 1038 1742 praeda
1059 1667 1151 1729 iame-

135 1772 192 1833 que
207 1755 308 1815 onusti
325 1752 360 1813 ad
380 1759 510 1813 montem
523 1750 659 1813 Taunum
673 1759 877 1833 revertuntur,
895 1751 948 1813 ubi
961 1751 1150 1832 Pomponius

134 1860 203 1905 cnm
224 1840 390 1920 legionibus
412 1838 635 1920 opperiebatur,
657 1842 683 1901 si
701 1839 799 1901 Chatti
821 1839 960 1920 cupidine
979 1840 1151 1906 ulciscendi

107 1947 120 1987 s
134 1949 236 1992 casnm
250 1947 365 2009 pugnae
379 1928 565 2007 praeberent.
591 1928 635 1989 illi
648 1937 742 2009 metu,
756 1947 794 1990 ne
808 1929 877 1990 hinc
891 1928 1057 2010 Romanus,
1075 1934 1153 1994 inde

134 2019 289 2097 Cherusci,
312 2031 381 2078 cum
403 2019 470 2096 quis
493 2024 647 2078 aeternum
665 2017 847 2098 discordant,
869 2019 1149 2098 circumgrederen·

133 2115 197 2186 tur,
215 2106 327 2183 legatos
345 2108 376 2166 in
395 2104 500 2166 urbem
519 2112 549 2165 et
567 2104 685 2166 obsides
704 2108 826 2187 misere,
844 2106 1044 2186 decretusque
1059 2108 1147 2170 Pom·

132 2197 220 2274 ponio
235 2193 421 2273 triumphalis
435 2193 538 2274 honos,
553 2195 668 2256 modica
681 2212 750 2273 pars
764 2195 858 2255 lamae
873 2197 937 2256 eius
951 2196 1031 2274 apud
1046 2207 1147 2276 poste·-

132 2301 196 2363 ros,
210 2285 242 2343 in
256 2285 323 2362 quis
338 2284 502 2343 carminum
515 2280 608 2360 gloria
622 2283 782 2361 praecellit.

200 2369 251 2434 29.
274 2371 332 2432 Per
357 2372 436 2434 idem
459 2380 576 2450 tempus
596 2371 726 2434 Vannius
745 2371 852 2434 Suebis
871 2390 887 2432 a
905 2371 1002 2433 Druso
1016 2372 1146 2437 Caesare

132 2463 280 2542 inpositus
303 2459 423 2541 pellitur
445 2478 551 2542 regno,
573 2463 669 2540 prima
690 2462 808 2541 imperii
831 2468 925 2522 aetate
948 2479 1037 2523 carus
1060 2481 1145 2526 acee-

133 2559 262 2630 ptusque
276 2549 484 2631 popularibus,
501 2567 571 2610 mon
585 2550 779 2611 diuturnitate
793 2551 825 2610 in
839 2549 1008 2629 superbiam
1022 2560 1146 2614 mumns

132 2648 163 2701 et
177 2641 243 2700 odio
258 2639 437 2720 accolarum,
452 2638 540 2700 simul
554 2637 726 2700 domesticis
738 2638 897 2700 discordiis
911 2637 1145 2703 circumventus.

105 2736 269 2788 sanctores
291 2728 375 2789 suere
398 2727 521 2789 Vibilius
545 2726 821 2789 Hermundurorum
843 2745 897 2788 rex
919 2735 950 2788 et
971 2726 1086 2807 Vangio
1111 2749 1145 2792 ac

132 2815 202 2874 Sido
221 2833 324 2876 sorore
344 2815 448 2876 Vannii
466 2817 566 2894 geniti.
601 2833 657 2876 nec
677 2814 828 2896 Claudius,
852 2833 1029 2894 quamquam
1053 2834 1144 2896 saepe

131 2910 244 2981 oratus,
263 2920 343 2963 arma
362 2902 545 2966 certantibus
559 2901 693 2965 barbaris
706 2905 897 2983 interposuit,
916 2895 1015 2965 tutum
1027 2903 1152 2966 Vannio·

131 2990 299 3070 perfugium
322 2993 513 3071 promittens,
541 2994 567 3052 si
594 2990 770 3072 pelleretur3
796 2992 977 3072 scripsitque
999 2990 1144 3072 Palpellio

202 3179 247 3246 27,
267 3185 283 3234 3
301 3177 423 3248 imperet
437 3177 554 3248 Lepsios
569 3181 574 3248 Ι
589 3183 606 3233 t
624 3178 752 3234 Rhenum
765 3179 873 3235 Sinkere
891 3179 978 3235 rheno
995 3182 1000 3245 Ι
1015 3185 1032 3236 b
1051 3182 1145 3236 brans-

130 3267 229 3321 gresse
244 3254 248 3319 Ι
264 3247 404 3319 acceperit
429 3251 524 3304 malim
539 3253 543 3316 Ι
559 3255 576 3305 6
599 3249 720 3306 aduecto
747 3249 907 3305 cabthorum
922 3252 927 3320 Ι
943 3257 958 3306 t
982 3249 1012 3305 P.
1036 3251 1144 3308 Ritter:

76 3352 79 3358 ·
132 3322 158 3375 ·l·
175 3326 211 3389 18
231 3320 327 3389 elatio,
347 3339 394 3378 en.
410 3321 514 3375 Puteol.
531 3321 536 3389 l
553 3327 568 3375 9
587 3321 707 3376 inmittit
724 3323 860 3390 supplevit
875 3320 1034 3392 Ddderleio,
1051 3321 1146 3378 mittit

135 3389 484 3462 WoltberpoatNemetos
501 3391 567 3458 129,
587 3397 603 3446 2
622 3408 703 3447 cerus
726 3392 864 3461 Wdlfflinz
886 3389 978 3446 clerus
997 3393 1032 3459 cs.
1051 3399 1145 3450 mnan

130 3464 198 3518 Soli.
216 3463 279 3532 Iup.
299 3467 343 3529 70,
360 3467 380 3519 2
395 3468 399 3529 Ι
417 3469 432 3518 t
451 3460 578 3516 uibillius
602 3463 636 3530 es.
656 3468 686 3526 2,
703 3467 739 3519 63
755 3465 791 3531 17
816 3461 989 3518 certantibus
1011 3463 1144 3522 barbaris

129 3533 323 3604 certantibus!
340 3539 356 3588 8
374 3532 511 3604 Palpellio
530 3532 646 3603 Iapetus
683 3551 695 3580 o
723 3531 821 3584 nielli*
1182 3575 1185 3583 .
