<?xml version="1.0" encoding="UTF-8"?>
<!DOCTYPE html PUBLIC "-//W3C//DTD XHTML 1.0 Transitional//EN"
    "http://www.w3.org/TR/xhtml1/DTD/xhtml1-transitional.dtd">
<html xmlns="http://www.w3.org/1999/xhtml" xml:lang="en" lang="en">
 <head>
  <title>
</title>
<meta http-equiv="Content-Type" content="text/html;charset=utf-8" />
  <meta name='ocr-system' content='tesseract 3.04.00' />
  <meta name='ocr-capabilities' content='ocr_page ocr_carea ocr_par ocr_line ocrx_word'/>
</head>
<body>
  <div class='ocr_page' id='page_1' title='image "./libriquisupersu00halmgoog_0023.png"; bbox 0 0 2392 3876; ppageno 0'>
   <div class='ocr_carea' id='block_1_1' title="bbox 142 110 795 181">
    <p class='ocr_par' dir='ltr' id='par_1_1' title="bbox 142 110 795 181">
     <span class='ocr_line' id='line_1_1' title="bbox 142 110 795 181; baseline 0.002 -10"><span class='ocrx_word' id='word_1_1' title='bbox 142 110 182 181; x_wconf 80' lang='grc'><strong>12</strong></span> <span class='ocrx_word' id='word_1_2' title='bbox 490 115 659 172; x_wconf 81' lang='lat' dir='ltr'>CORNELII</span> <span class='ocrx_word' id='word_1_3' title='bbox 676 115 795 172; x_wconf 72' lang='lat' dir='ltr'><strong>vacrin</strong></span> 
     </span>
    </p>
   </div>
   <div class='ocr_carea' id='block_1_2' title="bbox 13 264 1194 3183">
    <p class='ocr_par' dir='ltr' id='par_1_2' title="bbox 13 264 1194 3183">
     <span class='ocr_line' id='line_1_2' title="bbox 86 264 1151 343; baseline 0.008 -17"><span class='ocrx_word' id='word_1_4' title='bbox 86 298 110 326; x_wconf 46' lang='lat' dir='ltr'><strong>..a</strong></span> <span class='ocrx_word' id='word_1_5' title='bbox 139 283 208 328; x_wconf 90' lang='lat' dir='ltr'><strong>rum</strong></span> <span class='ocrx_word' id='word_1_6' title='bbox 227 267 401 343; x_wconf 70' lang='lat' dir='ltr'><strong>susciperet</strong></span> <span class='ocrx_word' id='word_1_7' title='bbox 423 282 483 327; x_wconf 91' lang='lat' dir='ltr'><strong>non</strong></span> <span class='ocrx_word' id='word_1_8' title='bbox 502 264 663 327; x_wconf 80' lang='lat' dir='ltr'>obtrectari</span> <span class='ocrx_word' id='word_1_9' title='bbox 679 283 696 325; x_wconf 92' lang='lat' dir='ltr'><strong>a</strong></span> <span class='ocrx_word' id='word_1_10' title='bbox 715 283 747 326; x_wconf 89' lang='lat' dir='ltr'><strong>se</strong></span> <span class='ocrx_word' id='word_1_11' title='bbox 765 267 895 329; x_wconf 87' lang='lat' dir='ltr'><strong>urbanas</strong></span> <span class='ocrx_word' id='word_1_12' title='bbox 913 269 1070 334; x_wconf 79' lang='lat' dir='ltr'>excubias:</span> <span class='ocrx_word' id='word_1_13' title='bbox 1094 272 1151 335; x_wconf 88' lang='lat' dir='ltr'><strong>sibi</strong></span> 
     </span>
     <span class='ocr_line' id='line_1_3' title="bbox 139 354 1100 439; baseline 0.007 -24"><span class='ocrx_word' id='word_1_14' title='bbox 139 364 237 415; x_wconf 89' lang='lat' dir='ltr'><strong>tamen</strong></span> <span class='ocrx_word' id='word_1_15' title='bbox 251 356 329 434; x_wconf 90' lang='lat' dir='ltr'><strong>apud</strong></span> <span class='ocrx_word' id='word_1_16' title='bbox 343 354 480 414; x_wconf 90' lang='lat' dir='ltr'><strong>horridas</strong></span> <span class='ocrx_word' id='word_1_17' title='bbox 498 361 602 432; x_wconf 75' lang='lat' dir='ltr'><strong>gentes</strong></span> <span class='ocrx_word' id='word_1_18' title='bbox 616 373 633 414; x_wconf 90' lang='lat' dir='ltr'><strong>e</strong></span> <span class='ocrx_word' id='word_1_19' title='bbox 648 354 851 416; x_wconf 82' lang='lat' dir='ltr'><strong>contuberniis</strong></span> <span class='ocrx_word' id='word_1_20' title='bbox 865 357 981 419; x_wconf 90' lang='lat' dir='ltr'><strong>bostem</strong></span> <span class='ocrx_word' id='word_1_21' title='bbox 996 362 1100 439; x_wconf 82' lang='lat' dir='ltr'><strong>aspici</strong></span> 
     </span>
     <span class='ocr_line' id='line_1_4' title="bbox 208 440 1151 528; baseline 0.007 -24"><span class='ocrx_word' id='word_1_22' title='bbox 208 440 257 506; x_wconf 90' lang='lat'><strong>18.</strong></span> <span class='ocrx_word' id='word_1_23' title='bbox 275 441 477 521; x_wconf 70' lang='lat' dir='ltr'><strong>¹Adstrepebat</strong></span> <span class='ocrx_word' id='word_1_24' title='bbox 490 442 608 522; x_wconf 88' lang='lat' dir='ltr'><strong>vulgus,</strong></span> <span class='ocrx_word' id='word_1_25' title='bbox 628 442 752 503; x_wconf 91' lang='lat' dir='ltr'><strong>diversis</strong></span> <span class='ocrx_word' id='word_1_26' title='bbox 769 446 982 528; x_wconf 84' lang='lat' dir='ltr'><strong>incitamentis,</strong></span> <span class='ocrx_word' id='word_1_27' title='bbox 1001 448 1034 509; x_wconf 91' lang='lat' dir='ltr'><strong>hi</strong></span> <span class='ocrx_word' id='word_1_28' title='bbox 1049 449 1151 512; x_wconf 79' lang='lat' dir='ltr'><strong>verbe</strong></span> 
     </span>
     <span class='ocr_line' id='line_1_5' title="bbox 139 530 1151 613; baseline 0.008 -21"><span class='ocrx_word' id='word_1_29' title='bbox 139 551 206 594; x_wconf 90' lang='lat' dir='ltr'><strong>rum</strong></span> <span class='ocrx_word' id='word_1_30' title='bbox 216 540 309 610; x_wconf 91' lang='lat' dir='ltr'><strong>notas,</strong></span> <span class='ocrx_word' id='word_1_31' title='bbox 324 532 366 591; x_wconf 90' lang='lat' dir='ltr'><strong>illi</strong></span> <span class='ocrx_word' id='word_1_32' title='bbox 376 533 523 611; x_wconf 80' lang='lat' dir='ltr'><strong>canitiem,</strong></span> <span class='ocrx_word' id='word_1_33' title='bbox 533 530 654 609; x_wconf 91' lang='lat' dir='ltr'><strong>plurimi</strong></span> <span class='ocrx_word' id='word_1_34' title='bbox 664 531 771 592; x_wconf 89' lang='lat' dir='ltr'><strong>detrita</strong></span> <span class='ocrx_word' id='word_1_35' title='bbox 781 537 910 613; x_wconf 89' lang='lat' dir='ltr'><strong>tegmina</strong></span> <span class='ocrx_word' id='word_1_36' title='bbox 921 543 951 596; x_wconf 89' lang='lat' dir='ltr'><strong>et</strong></span> <span class='ocrx_word' id='word_1_37' title='bbox 960 537 1076 598; x_wconf 90' lang='lat' dir='ltr'><strong>nudum</strong></span> <span class='ocrx_word' id='word_1_38' title='bbox 1088 557 1151 600; x_wconf 92' lang='lat' dir='ltr'><strong>cor-</strong></span> 
     </span>
     <span class='ocr_line' id='line_1_6' title="bbox 139 619 1194 709; baseline 0.005 -27"><span class='ocrx_word' id='word_1_39' title='bbox 139 639 196 700; x_wconf 90' lang='lat' dir='ltr'><strong>pus</strong></span> <span class='ocrx_word' id='word_1_40' title='bbox 210 620 439 709; x_wconf 54' lang='lat' dir='ltr'><strong>exprobrantes,</strong></span> <span class='ocrx_word' id='word_1_41' title='bbox 459 627 610 697; x_wconf 91' lang='lat' dir='ltr'><strong>postremo</strong></span> <span class='ocrx_word' id='word_1_42' title='bbox 625 637 659 680; x_wconf 85' lang='lat' dir='ltr'><strong>eo</strong></span> <span class='ocrx_word' id='word_1_43' title='bbox 674 619 785 681; x_wconf 86' lang='lat' dir='ltr'><strong>luroris</strong></span> <span class='ocrx_word' id='word_1_44' title='bbox 800 640 916 705; x_wconf 90' lang='lat' dir='ltr'><strong>venere,</strong></span> <span class='ocrx_word' id='word_1_45' title='bbox 930 632 965 685; x_wconf 92' lang='lat' dir='ltr'><strong>ut</strong></span> <span class='ocrx_word' id='word_1_46' title='bbox 978 632 1042 687; x_wconf 88' lang='lat' dir='ltr'><strong>tres</strong></span> <span class='ocrx_word' id='word_1_47' title='bbox 1061 626 1152 706; x_wconf 88' lang='lat' dir='ltr'><strong>legio·</strong></span> <span class='ocrx_word' id='word_1_48' title='bbox 1192 676 1194 687; x_wconf 55' lang='grc'>,</span> 
     </span>
     <span class='ocr_line' id='line_1_7' title="bbox 139 709 1153 795; baseline 0.006 -25"><span class='ocrx_word' id='word_1_49' title='bbox 139 727 193 770; x_wconf 91' lang='lat' dir='ltr'><strong>nes</strong></span> <span class='ocrx_word' id='word_1_50' title='bbox 209 711 335 769; x_wconf 89' lang='lat' dir='ltr'><strong>miscere</strong></span> <span class='ocrx_word' id='word_1_51' title='bbox 352 711 383 768; x_wconf 90' lang='lat' dir='ltr'><strong>in</strong></span> <span class='ocrx_word' id='word_1_52' title='bbox 400 726 490 769; x_wconf 91' lang='lat' dir='ltr'><strong>unam</strong></span> <span class='ocrx_word' id='word_1_53' title='bbox 507 710 689 786; x_wconf 90' lang='lat' dir='ltr'><strong>agitaverint.</strong></span> <span class='ocrx_word' id='word_1_54' title='bbox 718 709 834 789; x_wconf 88' lang='lat' dir='ltr'><strong>depulsi</strong></span> <span class='ocrx_word' id='word_1_55' title='bbox 852 712 1063 795; x_wconf 81' lang='lat' dir='ltr'><strong>aemulatione,</strong></span> <span class='ocrx_word' id='word_1_56' title='bbox 1084 718 1153 795; x_wconf 90' lang='lat' dir='ltr'><strong>quia</strong></span> 
     </span>
     <span class='ocr_line' id='line_1_8' title="bbox 13 795 1194 882; baseline 0.011 -30"><span class='ocrx_word' id='word_1_57' title='bbox 13 818 16 822; x_wconf 52' lang='lat'>&gt;</span> <span class='ocrx_word' id='word_1_58' title='bbox 113 814 211 859; x_wconf 81' lang='lat' dir='ltr'><strong>ssuae</strong></span> <span class='ocrx_word' id='word_1_59' title='bbox 228 799 354 876; x_wconf 92' lang='lat' dir='ltr'><strong>quisque</strong></span> <span class='ocrx_word' id='word_1_60' title='bbox 372 795 482 875; x_wconf 88' lang='lat' dir='ltr'><strong>legioni</strong></span> <span class='ocrx_word' id='word_1_61' title='bbox 501 814 569 857; x_wconf 90' lang='lat' dir='ltr'><strong>eum</strong></span> <span class='ocrx_word' id='word_1_62' title='bbox 585 797 729 858; x_wconf 90' lang='lat' dir='ltr'><strong>honorem</strong></span> <span class='ocrx_word' id='word_1_63' title='bbox 745 799 939 882; x_wconf 79' lang='lat' dir='ltr'><strong>quaerebant,</strong></span> <span class='ocrx_word' id='word_1_64' title='bbox 958 801 1016 862; x_wconf 92' lang='lat' dir='ltr'><strong>alio</strong></span> <span class='ocrx_word' id='word_1_65' title='bbox 1031 813 1154 865; x_wconf 80' lang='lat' dir='ltr'><strong>vertum</strong></span> <span class='ocrx_word' id='word_1_66' title='bbox 1192 862 1194 879; x_wconf 84' lang='grc'>,</span> 
     </span>
     <span class='ocr_line' id='line_1_9' title="bbox 139 884 1153 970; baseline 0.008 -24"><span class='ocrx_word' id='word_1_67' title='bbox 139 894 228 966; x_wconf 93' lang='lat' dir='ltr'><strong>atque</strong></span> <span class='ocrx_word' id='word_1_68' title='bbox 245 903 304 946; x_wconf 90' lang='lat' dir='ltr'><strong>una</strong></span> <span class='ocrx_word' id='word_1_69' title='bbox 321 893 383 946; x_wconf 90' lang='lat' dir='ltr'><strong>tres</strong></span> <span class='ocrx_word' id='word_1_70' title='bbox 397 884 510 965; x_wconf 92' lang='lat' dir='ltr'><strong>aquilas</strong></span> <span class='ocrx_word' id='word_1_71' title='bbox 525 893 555 947; x_wconf 89' lang='lat' dir='ltr'><strong>et</strong></span> <span class='ocrx_word' id='word_1_72' title='bbox 569 887 652 964; x_wconf 83' lang='lat' dir='ltr'><strong>signa</strong></span> <span class='ocrx_word' id='word_1_73' title='bbox 667 885 834 949; x_wconf 87' lang='lat' dir='ltr'><strong>cohortium</strong></span> <span class='ocrx_word' id='word_1_74' title='bbox 848 887 959 970; x_wconf 77' lang='lat' dir='ltr'><strong>locant3</strong></span> <span class='ocrx_word' id='word_1_75' title='bbox 977 892 1071 953; x_wconf 87' lang='lat' dir='ltr'><strong>simul</strong></span> <span class='ocrx_word' id='word_1_76' title='bbox 1085 911 1153 954; x_wconf 89' lang='lat' dir='ltr'><strong>con·</strong></span> 
     </span>
     <span class='ocr_line' id='line_1_10' title="bbox 139 974 1153 1059; baseline 0.007 -24"><span class='ocrx_word' id='word_1_77' title='bbox 139 982 248 1054; x_wconf 86' lang='lat' dir='ltr'><strong>gerunt</strong></span> <span class='ocrx_word' id='word_1_78' title='bbox 261 976 420 1055; x_wconf 87' lang='lat' dir='ltr'><strong>caespites,</strong></span> <span class='ocrx_word' id='word_1_79' title='bbox 439 981 597 1035; x_wconf 85' lang='lat' dir='ltr'><strong>exstruunt</strong></span> <span class='ocrx_word' id='word_1_80' title='bbox 620 974 763 1056; x_wconf 88' lang='lat' dir='ltr'><strong>tribunal,</strong></span> <span class='ocrx_word' id='word_1_81' title='bbox 789 995 848 1056; x_wconf 91' lang='lat' dir='ltr'><strong>quo</strong></span> <span class='ocrx_word' id='word_1_82' title='bbox 871 980 965 1056; x_wconf 88' lang='lat' dir='ltr'><strong>magis</strong></span> <span class='ocrx_word' id='word_1_83' title='bbox 989 984 1153 1059; x_wconf 90' lang='lat' dir='ltr'><strong>conspicua</strong></span> 
     </span>
     <span class='ocr_line' id='line_1_11' title="bbox 139 1062 1153 1149; baseline 0.006 -25"><span class='ocrx_word' id='word_1_84' title='bbox 139 1062 225 1124; x_wconf 91' lang='lat' dir='ltr'><strong>sedes</strong></span> <span class='ocrx_word' id='word_1_85' title='bbox 248 1063 333 1123; x_wconf 83' lang='lat' dir='ltr'><strong>foret.</strong></span> <span class='ocrx_word' id='word_1_86' title='bbox 369 1062 598 1141; x_wconf 85' lang='lat' dir='ltr'><strong>properantibus</strong></span> <span class='ocrx_word' id='word_1_87' title='bbox 619 1063 741 1124; x_wconf 84' lang='lat' dir='ltr'><strong>Blaesus</strong></span> <span class='ocrx_word' id='word_1_88' title='bbox 765 1064 895 1146; x_wconf 89' lang='lat' dir='ltr'><strong>advenit,</strong></span> <span class='ocrx_word' id='word_1_89' title='bbox 918 1067 1153 1149; x_wconf 86' lang='lat' dir='ltr'><strong>increpabatque</strong></span> 
     </span>
     <span class='ocr_line' id='line_1_12' title="bbox 139 1149 1153 1232; baseline 0.007 -21"><span class='ocrx_word' id='word_1_90' title='bbox 139 1170 173 1213; x_wconf 92' lang='lat' dir='ltr'><strong>ac</strong></span> <span class='ocrx_word' id='word_1_91' title='bbox 192 1151 339 1212; x_wconf 89' lang='lat' dir='ltr'><strong>retinebat</strong></span> <span class='ocrx_word' id='word_1_92' title='bbox 357 1151 503 1232; x_wconf 91' lang='lat' dir='ltr'><strong>singulos,</strong></span> <span class='ocrx_word' id='word_1_93' title='bbox 527 1151 680 1212; x_wconf 89' lang='lat' dir='ltr'><strong>clamitans</strong></span> <span class='ocrx_word' id='word_1_94' title='bbox 699 1149 775 1213; x_wconf 81' lang='lat' dir='ltr'><strong>‘mea</strong></span> <span class='ocrx_word' id='word_1_95' title='bbox 795 1156 896 1232; x_wconf 88' lang='lat' dir='ltr'><strong>potius</strong></span> <span class='ocrx_word' id='word_1_96' title='bbox 915 1155 1005 1216; x_wconf 89' lang='lat' dir='ltr'><strong>caede</strong></span> <span class='ocrx_word' id='word_1_97' title='bbox 1027 1157 1153 1218; x_wconf 89' lang='lat' dir='ltr'><strong>imbuite</strong></span> 
     </span>
     <span class='ocr_line' id='line_1_13' title="bbox 100 1239 1153 1324; baseline 0.012 -30"><span class='ocrx_word' id='word_1_98' title='bbox 100 1256 257 1300; x_wconf 86' lang='lat' dir='ltr'><strong>romanus:</strong></span> <span class='ocrx_word' id='word_1_99' title='bbox 275 1239 385 1300; x_wconf 90' lang='lat' dir='ltr'><strong>leviore</strong></span> <span class='ocrx_word' id='word_1_100' title='bbox 402 1239 512 1318; x_wconf 89' lang='lat' dir='ltr'><strong>ssagitio</strong></span> <span class='ocrx_word' id='word_1_101' title='bbox 527 1239 656 1319; x_wconf 90' lang='lat' dir='ltr'><strong>legatum</strong></span> <span class='ocrx_word' id='word_1_102' title='bbox 669 1243 856 1303; x_wconf 81' lang='lat' dir='ltr'><strong>interficietis</strong></span> <span class='ocrx_word' id='word_1_103' title='bbox 871 1260 958 1322; x_wconf 87' lang='lat' dir='ltr'><strong>quarn</strong></span> <span class='ocrx_word' id='word_1_104' title='bbox 973 1243 1035 1304; x_wconf 92' lang='lat' dir='ltr'><strong>ab</strong></span> <span class='ocrx_word' id='word_1_105' title='bbox 1026 1263 1153 1324; x_wconf 80' lang='lat' dir='ltr'><strong>tmpera-</strong></span> 
     </span>
     <span class='ocr_line' id='line_1_14' title="bbox 139 1328 1154 1415; baseline 0.006 -25"><span class='ocrx_word' id='word_1_106' title='bbox 139 1338 204 1390; x_wconf 89' lang='lat' dir='ltr'><strong>tore</strong></span> <span class='ocrx_word' id='word_1_107' title='bbox 219 1329 393 1389; x_wconf 87' lang='lat' dir='ltr'><strong>desciscitis.</strong></span> <span class='ocrx_word' id='word_1_108' title='bbox 421 1335 473 1389; x_wconf 91' lang='lat' dir='ltr'><strong>aut</strong></span> <span class='ocrx_word' id='word_1_109' title='bbox 486 1328 643 1390; x_wconf 89' lang='lat' dir='ltr'><strong>incolumis</strong></span> <span class='ocrx_word' id='word_1_110' title='bbox 658 1330 746 1391; x_wconf 84' lang='lat' dir='ltr'><strong>fidem</strong></span> <span class='ocrx_word' id='word_1_111' title='bbox 763 1330 912 1409; x_wconf 89' lang='lat' dir='ltr'><strong>legionum</strong></span> <span class='ocrx_word' id='word_1_112' title='bbox 930 1333 1084 1415; x_wconf 83' lang='lat' dir='ltr'><strong>retinebo,</strong></span> <span class='ocrx_word' id='word_1_113' title='bbox 1105 1343 1154 1396; x_wconf 89' lang='lat' dir='ltr'><strong>aut</strong></span> 
     </span>
     <span class='ocr_line' id='line_1_15' title="bbox 140 1414 725 1498; baseline -0.002 -19"><span class='ocrx_word' id='word_1_114' title='bbox 140 1418 289 1498; x_wconf 88' lang='lat' dir='ltr'><strong>iugulatus</strong></span> <span class='ocrx_word' id='word_1_115' title='bbox 305 1419 517 1495; x_wconf 89' lang='lat' dir='ltr'><strong>paenitentiam</strong></span> <span class='ocrx_word' id='word_1_116' title='bbox 531 1414 725 1478; x_wconf 70' lang='lat' dir='ltr'><strong>adcelerabo?</strong></span> 
     </span>
     <span class='ocr_line' id='line_1_16' title="bbox 207 1504 1154 1588; baseline 0.004 -20"><span class='ocrx_word' id='word_1_117' title='bbox 207 1504 257 1568; x_wconf 84' lang='lat'><strong>19</strong></span> <span class='ocrx_word' id='word_1_118' title='bbox 280 1505 482 1586; x_wconf 80' lang='lat' dir='ltr'><strong>Aggerabatur</strong></span> <span class='ocrx_word' id='word_1_119' title='bbox 505 1505 597 1566; x_wconf 87' lang='lat' dir='ltr'><strong>nihilo</strong></span> <span class='ocrx_word' id='word_1_120' title='bbox 620 1509 719 1567; x_wconf 92' lang='lat' dir='ltr'><strong>minus</strong></span> <span class='ocrx_word' id='word_1_121' title='bbox 745 1526 867 1586; x_wconf 85' lang='lat' dir='ltr'><strong>caespes</strong></span> <span class='ocrx_word' id='word_1_122' title='bbox 891 1511 1011 1587; x_wconf 90' lang='lat' dir='ltr'><strong>iamque</strong></span> <span class='ocrx_word' id='word_1_123' title='bbox 1037 1514 1154 1588; x_wconf 88' lang='lat' dir='ltr'><strong>pectori</strong></span> 
     </span>
     <span class='ocr_line' id='line_1_17' title="bbox 81 1591 1154 1679; baseline 0.004 -21"><span class='ocrx_word' id='word_1_124' title='bbox 81 1624 105 1644; x_wconf 43' lang='grc' dir='ltr'>κ</span> <span class='ocrx_word' id='word_1_125' title='bbox 138 1613 235 1677; x_wconf 91' lang='lat' dir='ltr'><strong>usque</strong></span> <span class='ocrx_word' id='word_1_126' title='bbox 258 1596 443 1675; x_wconf 84' lang='lat' dir='ltr'><strong>adoraverat,</strong></span> <span class='ocrx_word' id='word_1_127' title='bbox 471 1612 540 1655; x_wconf 89' lang='lat' dir='ltr'><strong>cum</strong></span> <span class='ocrx_word' id='word_1_128' title='bbox 567 1595 686 1655; x_wconf 88' lang='lat' dir='ltr'><strong>tandem</strong></span> <span class='ocrx_word' id='word_1_129' title='bbox 713 1591 881 1674; x_wconf 76' lang='lat' dir='ltr'><strong>pervica&#39;cid</strong></span> <span class='ocrx_word' id='word_1_130' title='bbox 902 1598 973 1658; x_wconf 89' lang='lat' dir='ltr'><strong>victi</strong></span> <span class='ocrx_word' id='word_1_131' title='bbox 998 1600 1154 1679; x_wconf 89' lang='lat' dir='ltr'><strong>inceptum</strong></span> 
     </span>
     <span class='ocr_line' id='line_1_18' title="bbox 139 1682 1155 1764; baseline 0.002 -17"><span class='ocrx_word' id='word_1_132' title='bbox 139 1689 275 1747; x_wconf 90' lang='lat' dir='ltr'><strong>omisere.</strong></span> <span class='ocrx_word' id='word_1_133' title='bbox 302 1683 426 1744; x_wconf 89' lang='lat' dir='ltr'><strong>Blaesus</strong></span> <span class='ocrx_word' id='word_1_134' title='bbox 444 1682 536 1744; x_wconf 92' lang='lat' dir='ltr'><strong>multa</strong></span> <span class='ocrx_word' id='word_1_135' title='bbox 555 1683 674 1744; x_wconf 89' lang='lat' dir='ltr'><strong>dicendi</strong></span> <span class='ocrx_word' id='word_1_136' title='bbox 692 1692 755 1744; x_wconf 92' lang='lat' dir='ltr'><strong>arte</strong></span> <span class='ocrx_word' id='word_1_137' title='bbox 774 1703 833 1745; x_wconf 92' lang='lat' dir='ltr'><strong>nou</strong></span> <span class='ocrx_word' id='word_1_138' title='bbox 852 1702 907 1764; x_wconf 91' lang='lat' dir='ltr'><strong>per</strong></span> <span class='ocrx_word' id='word_1_139' title='bbox 925 1685 1107 1748; x_wconf 90' lang='lat' dir='ltr'><strong>seditionem</strong></span> <span class='ocrx_word' id='word_1_140' title='bbox 1126 1697 1155 1749; x_wconf 91' lang='lat' dir='ltr'><strong>et</strong></span> 
     </span>
     <span class='ocr_line' id='line_1_19' title="bbox 140 1771 1154 1854; baseline 0.004 -20"><span class='ocrx_word' id='word_1_141' title='bbox 140 1774 243 1835; x_wconf 90' lang='lat' dir='ltr'><strong>turbas</strong></span> <span class='ocrx_word' id='word_1_142' title='bbox 259 1773 406 1832; x_wconf 90' lang='lat' dir='ltr'><strong>desideria</strong></span> <span class='ocrx_word' id='word_1_143' title='bbox 420 1771 546 1833; x_wconf 90' lang='lat' dir='ltr'><strong>militum</strong></span> <span class='ocrx_word' id='word_1_144' title='bbox 561 1771 598 1832; x_wconf 90' lang='lat' dir='ltr'><strong>ad</strong></span> <span class='ocrx_word' id='word_1_145' title='bbox 612 1772 768 1834; x_wconf 89' lang='lat' dir='ltr'><strong>Caesarem</strong></span> <span class='ocrx_word' id='word_1_146' title='bbox 782 1773 904 1834; x_wconf 82' lang='lat' dir='ltr'><strong>ferenda</strong></span> <span class='ocrx_word' id='word_1_147' title='bbox 917 1776 971 1853; x_wconf 89' lang='lat' dir='ltr'><strong>ait,</strong></span> <span class='ocrx_word' id='word_1_148' title='bbox 990 1792 1154 1854; x_wconf 83' lang='lat' dir='ltr'><strong>neque-ve·</strong></span> 
     </span>
     <span class='ocr_line' id='line_1_20' title="bbox 112 1859 1154 1943; baseline 0.005 -21"><span class='ocrx_word' id='word_1_149' title='bbox 112 1869 219 1922; x_wconf 75' lang='lat' dir='ltr'><strong>stares</strong></span> <span class='ocrx_word' id='word_1_150' title='bbox 240 1859 277 1920; x_wconf 90' lang='lat' dir='ltr'><strong>ab</strong></span> <span class='ocrx_word' id='word_1_151' title='bbox 297 1859 527 1937; x_wconf 91' lang='lat' dir='ltr'><strong>imperatoribus</strong></span> <span class='ocrx_word' id='word_1_152' title='bbox 548 1862 656 1939; x_wconf 90' lang='lat' dir='ltr'><strong>priscis</strong></span> <span class='ocrx_word' id='word_1_153' title='bbox 677 1880 775 1940; x_wconf 89' lang='lat' dir='ltr'><strong>neque</strong></span> <span class='ocrx_word' id='word_1_154' title='bbox 794 1864 875 1940; x_wconf 91' lang='lat' dir='ltr'><strong>ipsos</strong></span> <span class='ocrx_word' id='word_1_155' title='bbox 895 1881 911 1922; x_wconf 92' lang='lat' dir='ltr'><strong>a</strong></span> <span class='ocrx_word' id='word_1_156' title='bbox 930 1862 996 1923; x_wconf 93' lang='lat' dir='ltr'><strong>divo</strong></span> <span class='ocrx_word' id='word_1_157' title='bbox 1016 1864 1154 1943; x_wconf 75' lang='lat' dir='ltr'><strong>Augusto</strong></span> 
     </span>
     <span class='ocr_line' id='line_1_21' title="bbox 139 1951 1154 2034; baseline 0.005 -24"><span class='ocrx_word' id='word_1_158' title='bbox 139 1957 200 2010; x_wconf 88' lang='lat' dir='ltr'><strong>tam</strong></span> <span class='ocrx_word' id='word_1_159' title='bbox 210 1966 284 2008; x_wconf 90' lang='lat' dir='ltr'><strong>nova</strong></span> <span class='ocrx_word' id='word_1_160' title='bbox 296 1951 450 2031; x_wconf 83' lang='lat' dir='ltr'><strong>petivisse3</strong></span> <span class='ocrx_word' id='word_1_161' title='bbox 465 1956 495 2010; x_wconf 88' lang='lat' dir='ltr'><strong>et</strong></span> <span class='ocrx_word' id='word_1_162' title='bbox 509 1967 614 2028; x_wconf 91' lang='lat' dir='ltr'><strong>parum</strong></span> <span class='ocrx_word' id='word_1_163' title='bbox 628 1952 659 2010; x_wconf 91' lang='lat' dir='ltr'><strong>in</strong></span> <span class='ocrx_word' id='word_1_164' title='bbox 673 1957 807 2030; x_wconf 89' lang='lat' dir='ltr'><strong>tempore</strong></span> <span class='ocrx_word' id='word_1_165' title='bbox 821 1952 991 2029; x_wconf 90' lang='lat' dir='ltr'><strong>incipientis</strong></span> <span class='ocrx_word' id='word_1_166' title='bbox 1005 1954 1154 2034; x_wconf 91' lang='lat' dir='ltr'><strong>principis</strong></span> 
     </span>
     <span class='ocr_line' id='line_1_22' title="bbox 139 2039 1153 2122; baseline 0.005 -23"><span class='ocrx_word' id='word_1_167' title='bbox 139 2055 227 2099; x_wconf 90' lang='lat' dir='ltr'><strong>curas</strong></span> <span class='ocrx_word' id='word_1_168' title='bbox 246 2039 372 2097; x_wconf 87' lang='lat' dir='ltr'><strong>onerari.</strong></span> <span class='ocrx_word' id='word_1_169' title='bbox 409 2040 435 2098; x_wconf 90' lang='lat' dir='ltr'><strong>si</strong></span> <span class='ocrx_word' id='word_1_170' title='bbox 457 2045 555 2098; x_wconf 91' lang='lat' dir='ltr'><strong>tamen</strong></span> <span class='ocrx_word' id='word_1_171' title='bbox 579 2039 737 2099; x_wconf 89' lang='lat' dir='ltr'><strong>tenderent</strong></span> <span class='ocrx_word' id='word_1_172' title='bbox 759 2041 791 2099; x_wconf 90' lang='lat' dir='ltr'><strong>in</strong></span> <span class='ocrx_word' id='word_1_173' title='bbox 814 2058 887 2117; x_wconf 90' lang='lat' dir='ltr'><strong>pace</strong></span> <span class='ocrx_word' id='word_1_174' title='bbox 907 2046 1054 2117; x_wconf 90' lang='lat' dir='ltr'><strong>temptare</strong></span> <span class='ocrx_word' id='word_1_175' title='bbox 1079 2061 1153 2122; x_wconf 89' lang='lat' dir='ltr'><strong>quae</strong></span> 
     </span>
     <span class='ocr_line' id='line_1_23' title="bbox 138 2125 1154 2210; baseline 0.005 -24"><span class='ocrx_word' id='word_1_176' title='bbox 138 2143 177 2186; x_wconf 88' lang='lat' dir='ltr'><strong>ne</strong></span> <span class='ocrx_word' id='word_1_177' title='bbox 198 2125 329 2186; x_wconf 92' lang='lat' dir='ltr'><strong>civilium</strong></span> <span class='ocrx_word' id='word_1_178' title='bbox 350 2125 470 2204; x_wconf 91' lang='lat' dir='ltr'><strong>quidem</strong></span> <span class='ocrx_word' id='word_1_179' title='bbox 493 2125 640 2187; x_wconf 89' lang='lat' dir='ltr'><strong>bellorum</strong></span> <span class='ocrx_word' id='word_1_180' title='bbox 658 2130 787 2188; x_wconf 89' lang='lat' dir='ltr'><strong>victores</strong></span> <span class='ocrx_word' id='word_1_181' title='bbox 808 2127 1077 2210; x_wconf 87' lang='lat' dir='ltr'><strong>expostulaverint,</strong></span> <span class='ocrx_word' id='word_1_182' title='bbox 1102 2149 1154 2193; x_wconf 93' lang='lat' dir='ltr'><strong>cur</strong></span> 
     </span>
     <span class='ocr_line' id='line_1_24' title="bbox 139 2214 1153 2295; baseline 0.006 -20"><span class='ocrx_word' id='word_1_183' title='bbox 139 2223 242 2275; x_wconf 87' lang='lat' dir='ltr'><strong>contra</strong></span> <span class='ocrx_word' id='word_1_184' title='bbox 261 2231 375 2274; x_wconf 89' lang='lat' dir='ltr'><strong>morem</strong></span> <span class='ocrx_word' id='word_1_185' title='bbox 393 2214 543 2295; x_wconf 91' lang='lat' dir='ltr'><strong>obsequii,</strong></span> <span class='ocrx_word' id='word_1_186' title='bbox 561 2222 664 2276; x_wconf 91' lang='lat' dir='ltr'><strong>contra</strong></span> <span class='ocrx_word' id='word_1_187' title='bbox 681 2216 725 2276; x_wconf 86' lang='lat' dir='ltr'><strong>las</strong></span> <span class='ocrx_word' id='word_1_188' title='bbox 741 2216 987 2295; x_wconf 49' lang='lat' dir='ltr'><strong>disciplinae‘vim</strong></span> <span class='ocrx_word' id='word_1_189' title='bbox 1007 2219 1153 2281; x_wconf 89' lang='lat' dir='ltr'><strong>mediten-</strong></span> 
     </span>
     <span class='ocr_line' id='line_1_25' title="bbox 100 2300 1154 2383; baseline 0.009 -24"><span class='ocrx_word' id='word_1_190' title='bbox 100 2322 126 2361; x_wconf 73' lang='grc' dir='ltr'><strong>ιο</strong></span> <span class='ocrx_word' id='word_1_191' title='bbox 139 2300 211 2365; x_wconf 81' lang='lat' dir='ltr'><strong>tur?</strong></span> <span class='ocrx_word' id='word_1_192' title='bbox 233 2303 430 2364; x_wconf 89' lang='lat' dir='ltr'><strong>decernerent</strong></span> <span class='ocrx_word' id='word_1_193' title='bbox 447 2303 559 2381; x_wconf 86' lang='lat' dir='ltr'><strong>legatos</strong></span> <span class='ocrx_word' id='word_1_194' title='bbox 578 2322 670 2383; x_wconf 92' lang='lat' dir='ltr'><strong>seque</strong></span> <span class='ocrx_word' id='word_1_195' title='bbox 689 2322 789 2365; x_wconf 89' lang='lat' dir='ltr'><strong>coram</strong></span> <span class='ocrx_word' id='word_1_196' title='bbox 807 2305 943 2366; x_wconf 90' lang='lat' dir='ltr'><strong>mandata</strong></span> <span class='ocrx_word' id='word_1_197' title='bbox 961 2305 1078 2369; x_wconf 90' lang='lat' dir='ltr'><strong>darent.</strong></span> <span class='ocrx_word' id='word_1_198' title='bbox 1107 2309 1154 2369; x_wconf 92' lang='lat' dir='ltr'><strong>ad·</strong></span> 
     </span>
     <span class='ocr_line' id='line_1_26' title="bbox 140 2387 1155 2472; baseline 0.004 -20"><span class='ocrx_word' id='word_1_199' title='bbox 140 2389 303 2452; x_wconf 86' lang='lat' dir='ltr'><strong>clamavere</strong></span> <span class='ocrx_word' id='word_1_200' title='bbox 324 2400 359 2452; x_wconf 91' lang='lat' dir='ltr'><strong>ut</strong></span> <span class='ocrx_word' id='word_1_201' title='bbox 378 2391 457 2451; x_wconf 86' lang='lat' dir='ltr'><strong>tilius</strong></span> <span class='ocrx_word' id='word_1_202' title='bbox 475 2391 573 2452; x_wconf 91' lang='lat' dir='ltr'><strong>Blaesi</strong></span> <span class='ocrx_word' id='word_1_203' title='bbox 592 2393 731 2453; x_wconf 85' lang='lat' dir='ltr'><strong>tribtmus</strong></span> <span class='ocrx_word' id='word_1_204' title='bbox 752 2393 897 2472; x_wconf 83' lang='lat' dir='ltr'><strong>legatione</strong></span> <span class='ocrx_word' id='word_1_205' title='bbox 918 2411 952 2453; x_wconf 91' lang='lat' dir='ltr'><strong>ea</strong></span> <span class='ocrx_word' id='word_1_206' title='bbox 965 2387 1155 2472; x_wconf 71' lang='lat' dir='ltr'><strong>&#39;iungeretur</strong></span> 
     </span>
     <span class='ocr_line' id='line_1_27' title="bbox 139 2480 1153 2559; baseline 0.006 -19"><span class='ocrx_word' id='word_1_207' title='bbox 139 2488 314 2559; x_wconf 86' lang='lat' dir='ltr'><strong>peteretque</strong></span> <span class='ocrx_word' id='word_1_208' title='bbox 323 2480 468 2541; x_wconf 90' lang='lat' dir='ltr'><strong>militibus</strong></span> <span class='ocrx_word' id='word_1_209' title='bbox 479 2482 651 2541; x_wconf 88' lang='lat' dir='ltr'><strong>missionem</strong></span> <span class='ocrx_word' id='word_1_210' title='bbox 661 2481 697 2540; x_wconf 90' lang='lat' dir='ltr'><strong>ab</strong></span> <span class='ocrx_word' id='word_1_211' title='bbox 708 2481 837 2542; x_wconf 89' lang='lat' dir='ltr'><strong>sedecim</strong></span> <span class='ocrx_word' id='word_1_212' title='bbox 847 2484 946 2542; x_wconf 89' lang='lat' dir='ltr'><strong>annis:</strong></span> <span class='ocrx_word' id='word_1_213' title='bbox 961 2489 1061 2542; x_wconf 90' lang='lat' dir='ltr'><strong>cetera</strong></span> <span class='ocrx_word' id='word_1_214' title='bbox 1073 2503 1153 2546; x_wconf 88' lang='lat' dir='ltr'><strong>man·</strong></span> 
     </span>
     <span class='ocr_line' id='line_1_28' title="bbox 140 2568 1155 2648; baseline 0.007 -20"><span class='ocrx_word' id='word_1_215' title='bbox 140 2569 275 2648; x_wconf 77' lang='lat' dir='ltr'><strong>daturoS,</strong></span> <span class='ocrx_word' id='word_1_216' title='bbox 297 2568 349 2629; x_wconf 93' lang='lat' dir='ltr'><strong>ubi</strong></span> <span class='ocrx_word' id='word_1_217' title='bbox 367 2570 462 2646; x_wconf 91' lang='lat' dir='ltr'><strong>prima</strong></span> <span class='ocrx_word' id='word_1_218' title='bbox 481 2571 697 2646; x_wconf 85' lang='lat' dir='ltr'><strong>provenissent</strong></span> <span class='ocrx_word' id='word_1_219' title='bbox 725 2569 858 2647; x_wconf 84' lang='lat' dir='ltr'><strong>profecto</strong></span> <span class='ocrx_word' id='word_1_220' title='bbox 877 2572 983 2631; x_wconf 91' lang='lat' dir='ltr'><strong>iuvene</strong></span> <span class='ocrx_word' id='word_1_221' title='bbox 1001 2572 1155 2635; x_wconf 88' lang='lat' dir='ltr'><strong>modicum</strong></span> 
     </span>
     <span class='ocr_line' id='line_1_29' title="bbox 141 2655 1155 2739; baseline 0.006 -22"><span class='ocrx_word' id='word_1_222' title='bbox 141 2659 247 2717; x_wconf 89' lang='lat' dir='ltr'><strong>otium·</strong></span> <span class='ocrx_word' id='word_1_223' title='bbox 268 2656 320 2717; x_wconf 91' lang='lat' dir='ltr'><strong>sed</strong></span> <span class='ocrx_word' id='word_1_224' title='bbox 339 2655 496 2734; x_wconf 87' lang='lat' dir='ltr'><strong>superbire</strong></span> <span class='ocrx_word' id='word_1_225' title='bbox 514 2656 599 2717; x_wconf 90' lang='lat' dir='ltr'><strong>miles</strong></span> <span class='ocrx_word' id='word_1_226' title='bbox 604 2657 712 2737; x_wconf 94' lang='lat' dir='ltr'><strong>,quod</strong></span> <span class='ocrx_word' id='word_1_227' title='bbox 731 2657 810 2718; x_wconf 87' lang='lat' dir='ltr'><strong>lilius</strong></span> <span class='ocrx_word' id='word_1_228' title='bbox 829 2658 919 2736; x_wconf 88' lang='lat' dir='ltr'><strong>legati</strong></span> <span class='ocrx_word' id='word_1_229' title='bbox 936 2666 1037 2719; x_wconf 87' lang='lat' dir='ltr'><strong>orator</strong></span> <span class='ocrx_word' id='word_1_230' title='bbox 1056 2662 1155 2739; x_wconf 91' lang='lat' dir='ltr'><strong>publi·</strong></span> 
     </span>
     <span class='ocr_line' id='line_1_30' title="bbox 101 2745 1155 2852; baseline 0.006 -47"><span class='ocrx_word' id='word_1_231' title='bbox 101 2765 126 2805; x_wconf 83' lang='lat' dir='ltr'><strong>rs</strong></span> <span class='ocrx_word' id='word_1_232' title='bbox 141 2763 192 2805; x_wconf 90' lang='lat' dir='ltr'><strong>cae</strong></span> <span class='ocrx_word' id='word_1_233' title='bbox 214 2763 320 2806; x_wconf 90' lang='lat' dir='ltr'><strong>causae</strong></span> <span class='ocrx_word' id='word_1_234' title='bbox 341 2747 413 2804; x_wconf 90' lang='lat' dir='ltr'><strong>satis</strong></span> <span class='ocrx_word' id='word_1_235' title='bbox 438 2745 609 2817; x_wconf 90' lang='lat' dir='ltr'><strong>ostenderet</strong></span> <span class='ocrx_word' id='word_1_236' title='bbox 633 2749 810 2808; x_wconf 89' lang='lat' dir='ltr'><strong>necessitate</strong></span> <span class='ocrx_word' id='word_1_237' title='bbox 839 2764 978 2825; x_wconf 85' lang='lat' dir='ltr'><strong>expressa</strong></span> <span class='ocrx_word' id='word_1_238' title='bbox 1000 2765 1080 2826; x_wconf 91' lang='lat' dir='ltr'><strong>quae</strong></span> <span class='ocrx_word' id='word_1_239' title='bbox 1102 2769 1155 2852; x_wconf 79' lang='lat' dir='ltr'><strong>per</strong></span> 
     </span>
     <span class='ocr_line' id='line_1_31' title="bbox 140 2832 620 2894; baseline 0 0"><span class='ocrx_word' id='word_1_240' title='bbox 140 2834 314 2894; x_wconf 91' lang='lat' dir='ltr'><strong>modestiam</strong></span> <span class='ocrx_word' id='word_1_241' title='bbox 333 2850 392 2892; x_wconf 92' lang='lat' dir='ltr'><strong>non</strong></span> <span class='ocrx_word' id='word_1_242' title='bbox 412 2832 620 2894; x_wconf 90' lang='lat' dir='ltr'><strong>obtinuissent</strong></span> 
     </span>
     <span class='ocr_line' id='line_1_32' title="bbox 206 2919 1156 3006; baseline 0.005 -23"><span class='ocrx_word' id='word_1_243' title='bbox 206 2919 647 3000; x_wconf 76' lang='lat' dir='ltr'><strong>20.1nterearnampuuante</strong></span> <span class='ocrx_word' id='word_1_244' title='bbox 667 2930 800 2999; x_wconf 89' lang='lat' dir='ltr'><strong>coeptam</strong></span> <span class='ocrx_word' id='word_1_245' title='bbox 825 2923 1001 2984; x_wconf 89' lang='lat' dir='ltr'><strong>seditionem</strong></span> <span class='ocrx_word' id='word_1_246' title='bbox 1020 2923 1156 3006; x_wconf 90' lang='lat' dir='ltr'><strong>Naupor·</strong></span> 
     </span>
     <span class='ocr_line' id='line_1_33' title="bbox 140 3008 1156 3092; baseline 0.005 -21"><span class='ocrx_word' id='word_1_247' title='bbox 140 3019 205 3071; x_wconf 89' lang='lat' dir='ltr'><strong>tum</strong></span> <span class='ocrx_word' id='word_1_248' title='bbox 218 3011 302 3070; x_wconf 91' lang='lat' dir='ltr'><strong>missi</strong></span> <span class='ocrx_word' id='word_1_249' title='bbox 319 3008 356 3068; x_wconf 94' lang='lat' dir='ltr'><strong>ob</strong></span> <span class='ocrx_word' id='word_1_250' title='bbox 373 3011 480 3070; x_wconf 90' lang='lat' dir='ltr'><strong>itinera</strong></span> <span class='ocrx_word' id='word_1_251' title='bbox 497 3018 527 3071; x_wconf 89' lang='lat' dir='ltr'><strong>et</strong></span> <span class='ocrx_word' id='word_1_252' title='bbox 543 3018 649 3089; x_wconf 91' lang='lat' dir='ltr'><strong>pontes</strong></span> <span class='ocrx_word' id='word_1_253' title='bbox 669 3018 699 3070; x_wconf 90' lang='lat' dir='ltr'><strong>et</strong></span> <span class='ocrx_word' id='word_1_254' title='bbox 717 3009 789 3070; x_wconf 92' lang='lat' dir='ltr'><strong>alios</strong></span> <span class='ocrx_word' id='word_1_255' title='bbox 808 3029 895 3092; x_wconf 91' lang='lat' dir='ltr'><strong>usus,</strong></span> <span class='ocrx_word' id='word_1_256' title='bbox 914 3019 1075 3089; x_wconf 90' lang='lat' dir='ltr'><strong>postquam</strong></span> <span class='ocrx_word' id='word_1_257' title='bbox 1095 3026 1156 3078; x_wconf 92' lang='lat' dir='ltr'><strong>tur·</strong></span> 
     </span>
     <span class='ocr_line' id='line_1_34' title="bbox 140 3097 1158 3183; baseline 0.006 -24"><span class='ocrx_word' id='word_1_258' title='bbox 140 3099 241 3160; x_wconf 89' lang='lat' dir='ltr'><strong>batum</strong></span> <span class='ocrx_word' id='word_1_259' title='bbox 256 3100 286 3157; x_wconf 91' lang='lat' dir='ltr'><strong>in</strong></span> <span class='ocrx_word' id='word_1_260' title='bbox 302 3099 408 3158; x_wconf 88' lang='lat' dir='ltr'><strong>castris</strong></span> <span class='ocrx_word' id='word_1_261' title='bbox 423 3116 574 3179; x_wconf 89' lang='lat' dir='ltr'><strong>accepere,</strong></span> <span class='ocrx_word' id='word_1_262' title='bbox 588 3099 693 3158; x_wconf 87' lang='lat' dir='ltr'><strong>vexilla</strong></span> <span class='ocrx_word' id='word_1_263' title='bbox 707 3097 876 3158; x_wconf 89' lang='lat' dir='ltr'><strong>convellunt</strong></span> <span class='ocrx_word' id='word_1_264' title='bbox 889 3100 1077 3179; x_wconf 90' lang='lat' dir='ltr'><strong>direptisque</strong></span> <span class='ocrx_word' id='word_1_265' title='bbox 1089 3122 1158 3183; x_wconf 81' lang='lat' dir='ltr'><strong>pro</strong></span> 
     </span>
    </p>
   </div>
   <div class='ocr_carea' id='block_1_3' title="bbox 140 3186 1157 3272">
    <p class='ocr_par' dir='ltr' id='par_1_3' title="bbox 140 3186 1157 3272">
     <span class='ocr_line' id='line_1_35' title="bbox 140 3186 1157 3272; baseline 0.007 -25"><span class='ocrx_word' id='word_1_266' title='bbox 140 3190 227 3247; x_wconf 83' lang='lat' dir='ltr'><strong>nimis</strong></span> <span class='ocrx_word' id='word_1_267' title='bbox 240 3188 313 3247; x_wconf 91' lang='lat' dir='ltr'><strong>vicis</strong></span> <span class='ocrx_word' id='word_1_268' title='bbox 327 3187 452 3265; x_wconf 91' lang='lat' dir='ltr'><strong>ipsoque</strong></span> <span class='ocrx_word' id='word_1_269' title='bbox 464 3186 629 3267; x_wconf 89' lang='lat' dir='ltr'><strong>Nauporto,</strong></span> <span class='ocrx_word' id='word_1_270' title='bbox 645 3186 722 3265; x_wconf 93' lang='lat' dir='ltr'><strong>quod</strong></span> <span class='ocrx_word' id='word_1_271' title='bbox 737 3189 892 3264; x_wconf 90' lang='lat' dir='ltr'><strong>municipii</strong></span> <span class='ocrx_word' id='word_1_272' title='bbox 906 3190 1000 3248; x_wconf 90' lang='lat' dir='ltr'><strong>instar</strong></span> <span class='ocrx_word' id='word_1_273' title='bbox 1015 3201 1097 3272; x_wconf 89' lang='lat' dir='ltr'><strong>erat,</strong></span> <span class='ocrx_word' id='word_1_274' title='bbox 1111 3210 1157 3254; x_wconf 86' lang='lat' dir='ltr'><strong>re·</strong></span> 
     </span>
    </p>
   </div>
   <div class='ocr_carea' id='block_1_4' title="bbox 118 3390 1161 3532">
    <p class='ocr_par' dir='ltr' id='par_1_4' title="bbox 145 3390 1161 3532">
     <span class='ocr_line' id='line_1_36' title="bbox 212 3390 1161 3462; baseline 0.006 -16"><span class='ocrx_word' id='word_1_275' title='bbox 212 3391 258 3459; x_wconf 83' lang='lat' dir='ltr'><strong>ts,</strong></span> <span class='ocrx_word' id='word_1_276' title='bbox 283 3397 299 3446; x_wconf 88' lang='lat'><strong>8</strong></span> <span class='ocrx_word' id='word_1_277' title='bbox 328 3390 559 3461; x_wconf 78' lang='lat' dir='ltr'><strong>operantibusJ.</strong></span> <span class='ocrx_word' id='word_1_278' title='bbox 583 3392 635 3447; x_wconf 85' lang='lat' dir='ltr'><strong>Fr.</strong></span> <span class='ocrx_word' id='word_1_279' title='bbox 655 3390 696 3446; x_wconf 79' lang='lat' dir='ltr'><em>G</em></span> <span class='ocrx_word' id='word_1_280' title='bbox 699 3390 938 3462; x_wconf 72' lang='lat' dir='ltr'><strong>comosl19,1</strong></span> <span class='ocrx_word' id='word_1_281' title='bbox 965 3395 1161 3461; x_wconf 75' lang='lat' dir='ltr'><strong>aggerebatur</strong></span> 
     </span>
     <span class='ocr_line' id='line_1_37' title="bbox 118 3459 667 3532; baseline 0 -16"><span class='ocrx_word' id='word_1_282' title='bbox 118 3459 281 3517; x_wconf 83' lang='lat' dir='ltr'><strong>Waltber:</strong></span> <span class='ocrx_word' id='word_1_283' title='bbox 301 3463 489 3532; x_wconf 83' lang='lat' dir='ltr'><strong>aggerebatur</strong></span> <span class='ocrx_word' id='word_1_284' title='bbox 504 3466 541 3530; x_wconf 78' lang='lat'><strong>12</strong></span> <span class='ocrx_word' id='word_1_285' title='bbox 561 3463 667 3516; x_wconf 65' lang='lat' dir='ltr'><strong>aivvan</strong></span> 
     </span>
    </p>
   </div>
   <div class='ocr_carea' id='block_1_5' title="bbox 0 0 1206 3876">
    <p class='ocr_par' dir='ltr' id='par_1_5' title="bbox 0 0 1206 3876">
     <span class='ocr_line' id='line_1_38' title="bbox 0 0 1206 3876; baseline 0 0"><span class='ocrx_word' id='word_1_286' title='bbox 0 0 1206 3876; x_wconf 95' lang='lat' dir='ltr'><strong> </strong></span> 
     </span>
    </p>
   </div>
   <div class='ocr_carea' id='block_1_6' title="bbox 1192 40 1198 859">
    <p class='ocr_par' dir='ltr' id='par_1_6' title="bbox 1192 40 1198 859">
     <span class='ocr_line' id='line_1_39' title="bbox 1192 40 1198 859; baseline 0 0"><span class='ocrx_word' id='word_1_287' title='bbox 1192 40 1198 859; x_wconf 95' lang='lat' dir='ltr'><strong> </strong></span> 
     </span>
    </p>
   </div>
  </div>
 </body>
</html>
