2392 3876
291 219 340 275 AB
358 219 519 275 Excessit
536 219 693 276 AUGUSTI
711 221 748 277 ΙΙ.
766 225 878 277 50-54.
1046 219 1088 285 69

79 378 208 430 ratonem
231 370 315 431 urbis
339 368 492 448 liliumque
511 371 575 429 eius
595 368 748 430 Camillum
766 386 858 447 penes
877 367 1090 430 alias'iamilias

79 460 267 536 imperatoria
281 456 346 518 laus
360 459 470 538 luerat;
489 464 577 537 atque
591 457 652 537 hic,
673 475 762 536 quem
775 475 987 538 memoramus,
1001 457 1090 518 hello·

78 564 146 606 rum
167 564 273 624 expers
292 545 465 607 habebatur.
498 564 533 606 eo
547 547 670 625 pronior
684 544 822 606 Tiberius
837 564 885 606 res
899 553 997 624 gestas
1011 546 1089 624 apud

79 641 214 696 senatum
228 633 401 715 celebravit5
421 641 451 695 et
464 634 623 695 decrevere
637 641 737 712 patres
751 633 940 713 triumphalia
955 636 1091 716 insignia,
1104 646 1130 687 2⁵

79 723 158 801 quod
174 722 294 784 Camillo
309 722 346 783 ob
361 723 536 784 modestiam
551 725 627 783 vitae
641 725 762 801 impune
777 723 841 784 luit.

145 807 198 873 53.
218 811 353 890 Sequens
367 829 462 872 annus
476 810 629 873 Tiberium
643 813 740 890 tertio,
760 810 968 872 Germanicum
982 814 1091 872 iterum

79 899 217 961 consules
236 899 348 961 habuit.
384 900 437 960 sed
456 918 524 961 eum
547 899 690 967 honorem
710 899 903 960 Germanicus
924 902 991 959 iniit
1013 899 1090 978 apud

79 987 184 1049 urbem
204 987 330 1048 Achaiae
349 987 528 1068 Nicopolim,
551 1007 610 1067 quo
632 995 754 1049 venerat
771 1006 826 1066 per
844 987 990 1067 illyricam
1009 1006 1091 1049 oram

80 1079 143 1136 viso
161 1076 252 1136 fratre
270 1076 365 1137 Druso
379 1079 410 1137 in
424 1076 567 1138 Delmatia
580 1084 694 1156 agente,
710 1074 873 1137 Hadriatici
886 1095 920 1136 ac
934 1094 1002 1136 mox
1016 1075 1092 1136 lonii

80 1166 170 1226 maris
190 1164 342 1225 adversam
361 1166 578 1243 navigationem
595 1183 765 1245 perpessus.
792 1167 885 1243 igitur
902 1183 1014 1243 paucos
1027 1165 1118 1226 diess

79 1255 239 1333 insumpsit
253 1254 430 1314 reficiendae
445 1254 546 1334 classi3
565 1252 654 1314 simul
672 1255 756 1314 sinus
769 1253 888 1314 Actiaca
906 1255 1029 1314 victoria
1048 1255 1091 1312 in·

80 1342 176 1403 clutos
203 1350 233 1403 et
256 1349 386 1403 sacratas
409 1341 446 1403 ab
465 1341 597 1420 Augusto
621 1341 775 1402 manubias
798 1350 954 1422 castraque
972 1343 1093 1402 Antonii

81 1448 151 1491 cum
165 1430 373 1490 recordatione
388 1431 533 1490 maiorum
548 1448 671 1490 suorum
686 1430 765 1489 adiit.
793 1447 920 1508 namque
935 1432 971 1510 ei,
986 1438 1020 1490 ut
1033 1448 1092 1490 me·

81 1519 206 1598 morari,
230 1516 392 1578 avunculus
412 1518 577 1596 Augustus,
602 1535 672 1576 avus
691 1516 838 1577 Antonius
857 1526 953 1596 erant,
976 1535 1092 1595 magna·

83 1623 141 1686 que
155 1604 215 1665 illic
229 1607 325 1683 imago
346 1607 477 1666 tristium
496 1604 707 1683 laetorumque.
736 1605 806 1665 hinc
819 1613 940 1664 rentum
954 1605 1092 1684 Athenas,
1107 1621 1133 1662 1o

82 1692 255 1772 foederique
278 1695 375 1753 sociae
399 1701 429 1753 et
452 1702 585 1755 vetustae
608 1693 692 1754 urbis
712 1692 826 1773 datum,
849 1701 884 1753 ut
905 1711 965 1754 uno
988 1692 1093 1754 lictore

81 1789 226 1845 uteretur.
260 1799 402 1860 excepere
422 1782 527 1843 Graeci
545 1777 969 1862 quaesitissimis'honorihus,
993 1789 1092 1842 vetera

81 1888 204 1934 suorum
232 1871 308 1930 lacta
336 1871 474 1950 dietaque
496 1872 712 1950 praeferentes,
741 1888 800 1949 quo
823 1868 892 1948 plns
915 1871 1093 1948 dignationis

79 1958 208 2022 adulatio
222 1957 353 2020 haberet
545 1957 565 2033 tl

145 2043 196 2108 54.
215 2047 311 2109 Petita
329 2047 398 2108 inde
417 2047 538 2108 Euboea
557 2049 685 2108 tramisit
706 2046 848 2127 Lesbum,
867 2046 920 2107 ubi
932 2047 1093 2125 Agrippina

80 2138 240 2197 novissimo
263 2144 351 2215 partu
374 2134 477 2197 lnliam
500 2136 600 2197 edidit.
642 2143 705 2196 tum
729 2143 860 2196 extrema
883 2135 969 2195 Asiae
992 2135 1093 2196 Perin-

80 2224 224 2304 thumque
245 2243 279 2285 ac
300 2223 485 2304 Byzantium,
509 2224 668 2285 Thraecias
688 2223 792 2304 urbes,
814 2242 882 2284 mox
903 2223 1093 2302 Propontidis

81 2316 232 2392 angustias
255 2320 286 2373 et
308 2331 342 2373 os
360 2313 517 2374 Ponticum
535 2315 635 2393 intrat,
658 2312 797 2391 cupidine
820 2319 937 2372 veteres
959 2311 1041 2373 locos
1064 2320 1094 2372 et

83 2403 158 2463 lama
172 2400 337 2463 celebratos
351 2401 508 2481 noscendi3
522 2404 693 2480 pariterque
707 2403 874 2479 provincias
888 2403 1015 2460 internis
1029 2419 1092 2461 cer·
1106 2415 1120 2456 s

33 2508 36 2512 ·
81 2490 241 2552 tamiuihus
260 2497 311 2550 aut
320 2476 555 2568 “magistratuum
573 2492 692 2550 iniuriis
711 2489 804 2549 lessas
818 2488 976 2549 refovebat.
1005 2496 1093 2567 atque

81 2579 164 2640 illum
184 2581 214 2639 in
234 2595 373 2656 regressu
392 2596 476 2639 sacra
495 2577 720 2638 Samothracum
738 2579 834 2637 visere
852 2579 996 2637 nitentem
1015 2576 1094 2637 obvii

82 2665 236 2745 aquilones
259 2664 408 2744 depulcre.
448 2668 541 2744 igitur
563 2665 642 2734 adito
661 2664 713 2726 llio
734 2683 869 2744 quaeque
892 2664 934 2725 ibi
953 2667 1093 2725 varietate

82 2756 219 2813 lortrmae
238 2761 269 2812 et
286 2756 381 2813 nostri
400 2756 513 2831 origine
532 2754 711 2834 veneranda,
728 2753 834 2832 relegit
848 2752 946 2813 Asiam
961 2753 1093 2832 adpellit·

84 2859 141 2920 que
165 2839 347 2919 Colophona,
370 2849 404 2901 ut
428 2841 517 2902 Clarii
539 2841 681 2921 Apollinis
706 2841 824 2902 oraculo
848 2849 992 2903 uteretur.
1032 2861 1092 2903 non
1107 2858 1133 2898 10

82 2930 191 2990 femina
210 2928 283 3009 illic,
302 2936 337 2989 ut
354 2929 432 3008 apud
447 2929 588 3009 Delphos,
608 2930 660 2991 sed
680 2933 771 2990 certis
790 2948 806 2990 e
824 2931 942 2991 familiis
957 2939 986 2991 et
1001 2932 1093 2991 lerme

81 3017 181 3079 llileto
201 3019 313 3079 accitus
328 3018 467 3079 sacerdos
481 3036 638 3079 numerum
652 3019 739 3079 modo
754 3019 984 3080 consultantium
999 3029 1029 3079 et
1042 3038 1103 3097 no;

81 3110 161 3167 mina
181 3107 275 3186 andit3
298 3113 361 3167 tum
381 3109 412 3167 in
432 3125 554 3185 specum
572 3107 744 3187 degressus,
762 3106 866 3168 hausta
885 3109 975 3168 tontis
994 3103 1096 3167 arcani

82 3214 172 3276 aqua,
199 3197 321 3274 ignarus
344 3195 520 3274 plerumque
539 3196 705 3257 litterarum
724 3204 755 3256 et
777 3198 941 3257 carminum
964 3195 1026 3255 edit
1048 3213 1093 3255 re-

82 3302 191 3363 sponsa
214 3283 350 3344 versibus
374 3286 547 3363 compositis
567 3303 657 3364 super
680 3283 784 3365 rebus,
808 3302 881 3363 quas
905 3285 972 3361 quis
994 3290 1093 3344 mente
1107 3296 1133 3338 1⁵

152 3489 199 3556 68,
220 3495 233 3543 1
252 3488 369 3544 tertium
387 3489 555 3560 Nipperdey,
575 3491 610 3558 ef.
630 3489 723 3545 Sirkor
743 3489 830 3544 Tacit.
846 3487 983 3544 Fornacal.
993 3505 1024 3560 p.
1039 3489 1090 3562 631

82 3565 115 3614 12
135 3557 262 3629 excipere
279 3557 345 3630 154,
365 3565 381 3616 8
400 3558 479 3614 adito
497 3559 550 3614 llio
568 3558 626 3617 Sao.
652 3559 745 3615 Vater:
766 3557 822 3613 alio
