2392 3876
276 208 323 263 AB
342 208 503 264 Excusat}
520 207 678 264 AUGUSTI·
693 209 740 264 IV.
761 216 874 266 70-73.
1011 209 1073 274 161
1126 290 1129 296 1

62 366 169 439 gustus
188 359 352 419 conuictam
370 354 508 419 adulterii
527 351 727 438 damnaielat,
746 352 972 439 proiecelatque
986 357 1018 418 in
1031 360 1074 419 in·

63 446 159 509 sulam
176 443 358 528 Trimerum,
376 440 456 527 lraud
473 444 579 525 procul
596 441 699 526 Aprilis
718 442 864 507 litoribus.
892 441 955 507 illic
971 443 1075 526 'viginti

62 537 149 596 annis
163 534 281 596 exilium
296 534 431 596 toleravit
444 530 595 613 Augustae
608 541 664 614 ope
679 529 856 617 sustentata,
875 531 950 614 quae
968 530 1074 595 floren·
1088 545 1117 588 20

62 633 108 685 tes
122 621 273 704 privignus
288 621 356 684 cum
370 622 424 702 per
443 617 592 684 occultum
612 618 821 706 subintulisset,
839 617 1076 684 misericordiam

62 712 135 792 erg'a
149 709 282 774 adllictos
297 707 393 792 palam
407 709 581 772 ostentabat.
845 772 849 780 ,

131 797 181 862 72.
205 799 318 862 Eodem
336 798 411 862 anno
431 796 532 883 Frlsii,
556 800 789 861 transrhenanus
807 796 949 885 populna,
972 818 1076 880 pacem

61 906 181 970 exuere,
195 897 297 950 nostra
311 886 404 967 inagis
419 889 540 949 avaritia
555 884 642 968 qnam
657 882 794 969 obsequii
806 883 993 968 inpatientes.
1023 890 1076 950 tri·

61 978 168 1039 butum
187 981 225 1038 iis
238 976 353 1038 Drusus
370 974 498 1037 iusserat
516 972 664 1038 modicum
682 976 737 1056 pro
756 973 890 1056 angustia
908 994 1023 1059 rerum,
1042 986 1076 1038 ut

62 1070 95 1127 in
109 1083 182 1127 usus
200 1061 344 1126 militares
362 1064 443 1126 coria
462 1063 552 1126 b'oum
569 1060 748 1145 penderent,
766 1083 826 1147 nun
844 1061 958 1127 intenta
976 1067 1074 1127 cuius-

63 1171 153 1234 quam
168 1159 252 1236 cura,
268 1160 343 1234 quae
356 1149 521 1234 firmitudc,
537 1148 612 1232 quae
625 1148 777 1234 mensura,
792 1152 886 1215 denec
901 1152 1044 1216 Olennius
1059 1167 1102 1214 ea

62 1234 296 1322 primipilaribus
305 1242 444 1322 regendis
454 1240 560 1302 Frisiis
567 1242 715 1322 inpositus
724 1239 807 1321 terga
820 1243 944 1304 urorum
958 1243 1075 1325 delegit,

63 1348 191 1408 quorum
209 1331 245 1391 ad
264 1331 388 1391 formam
407 1331 623 1410 acciperentur.
650 1328 681 1390 id
696 1330 761 1391 aliis
775 1330 893 1411 quoque
907 1325 1075 1392 nationibus

64 1416 191 1477 arduum
210 1418 287 1496 apud
306 1414 469 1478 Germanos
491 1415 642 1479 difficilius
666 1412 860 1500 tolerabatur,
885 1415 951 1506 qdis
973 1420 1075 1498 ingen-

64 1507 141 1565 tium
163 1504 318 1576 beluarum
340 1506 455 1567 feraces
478 1505 582 1587 saltus,
605 1501 722 1567 medica
740 1500 822 1567 dont
842 1514 975 1567 armenta
999 1514 1076 1568 sunt.

63 1613 99 1654 ac
118 1592 214 1672 primo
234 1592 324 1654 boves
342 1594 437 1674 ipsos,
456 1595 524 1654 mox
542 1593 644 1674 agrus,
661 1587 816 1673 post'r'er'ilu
831 1610 957 1674 corpora
975 1597 1075 1657 coniu-
1091 1609 1117 1650 rc

63 1700 135 1766 gum
148 1689 199 1743 aut
213 1681 377 1744 liberorum
392 1684 512 1743 servitio
526 1681 691 1744 tradebant.
714 1682 784 1744 hinc
798 1686 843 1745 ira
857 1689 887 1744 et
902 1687 1033 1765 questus,
1048 1694 1078 1745 et

63 1778 221 1850 postquam
236 1784 296 1832 uun
311 1770 553 1852 subveniebatur,
572 1770 739 1832 remedium
757 1789 792 1832 ex
811 1766 896 1832 bello.
929 1773 1007 1852 rapti
1026 1775 1077 1852 qui

63 1856 176 1921 tributo
200 1858 324 1920 aderant
343 1858 453 1921 milites
468 1865 499 1920 et
511 1857 644 1940 patibulo
659 1859 760 1921 adfixi:
784 1859 926 1922 Olennius
945 1860 1078 1921 infensus

63 1947 133 2027 luga'
144 1950 306 2028 praevenit,
321 1955 465 2028 receptus
474 1947 604 2031 castello,
618 1951 670 2010 cui
680 1944 788 2009 nomen
805 1944 940 2032 Flevum,
955 1956 984 2010 et
998 1949 1077 2011 haud

63 2037 231 2116 spernenda
257 2035 317 2098 illic
346 2038 455 2098 civium
484 2032 693 2118 sociorumque*
719 2055 823 2098 manus
851 2031 938 2098 litora
966 2032 1077 2100 Oceani
1091 2049 1117 2091 1⁶

64 2124 260 2205 praesidebat.

132 2209 182 2274 73.
201 2212 285 2283 Quod
304 2213 358 2288 ubi
374 2213 407 2275 L,
421 2214 553 2293 Apronlo'
569 2215 718 2276 inferioris
733 2213 907 2275 Germaniae
922 2232 977 2294 pro
991 2233 1077 2294 prae·

62 2310 129 2364 tore
150 2304 314 2384 cognitum,
341 2300 447 2363 vexilla
466 2302 615 2381 legionum
637 2321 652 2362 e
674 2305 828 2380 superiore
849 2305 1002 2382 provincia
1026 2323 1076 2382 pe·

62 2391 217 2470 ditumque
241 2397 272 2452 et
294 2392 428 2470 equitum
453 2391 639 2452 auxiliarium
662 2385 793 2452 delectos
812 2389 918 2452 accivit
936 2411 969 2452 ac
989 2392 1078 2452 simul

63 2485 226 2558 utriunque
245 2482 409 2541 exercitum
427 2478 531 2540 Rheno
550 2478 706 2539 devectum
724 2478 829 2539 Frisiis
848 2479 961 2558 intulit,
981 2479 1077 2539 suluto

63 2570 123 2628 iam
147 2566 261 2628 castelli
283 2568 397 2628 obsidio
417 2575 448 2627 et
466 2568 502 2628 ad
521 2584 575 2627 sua
592 2567 716 2627 tutanda
734 2565 888 2646 degressis
906 2560 1076 2628 rebellibus.
1091 2578 1104 2619 ⁵

62 2656 157 2733 igitur
178 2658 313 2733 proxima
335 2657 482 2716 aestuaria
504 2654 662 2733 aggeribus
681 2661 711 2716 et
729 2654 870 2735 pontibus
893 2655 1076 2717 traducendo

63 2740 194 2820 graviori
220 2747 329 2822 agmini
350 2744 456 2805 firmat.
498 2752 586 2822 atque
609 2744 730 2803 interim
753 2745 882 2822 repertis
900 2742 982 2805 radis
1001 2743 1077 2807 alam

62 2829 286 2893 Canninefatem
310 2840 339 2894 et
363 2831 440 2912 quod
464 2831 597 2912 peditum
621 2831 835 2893 Germanorum
857 2833 936 2893 inter
958 2841 1077 2895 nostrus

61 2918 198 2982 merebat
212 2920 411 3000 circumgredi
425 2920 652 2999 tergahostium
666 2914 762 3002 iubet,
782 2923 834 3002 qui
847 2923 906 2982 ianr
920 2925 982 2984 acie
997 2941 1076 2984 com·

60 3007 154 3090 positi
170 3009 286 3089 pellunt
302 3018 417 3071 turmas
437 3009 560 3071 sociales
579 3011 754 3089 equitesque
772 3004 922 3090 legibnum
943 3011 1076 3073 subsidio
1091 3023 1120 3062 1⁰

135 3269 181 3336 tl,
196 3275 229 3324 19
244 3269 403 3324 Tremetum
418 3268 602 3336 Freinshcim,
615 3267 770 3322 dirmetum
783 3270 819 3324 ut.
836 3271 842 3338 Ι
859 3269 903 3335 72,
918 3275 935 3324 6
948 3267 1074 3338 urorum]

59 3342 208 3395 taurorum
227 3339 395 3410 Nipperdey,
419 3340 454 3407 cf.
478 3338 583 3394 Urlichs
600 3340 633 3394 in
650 3339 687 3394 N.
706 3340 782 3394 Anu.
796 3339 867 3409 phil.
887 3340 1075 3406 69,161112

61 3409 259 3479 subueniebat,
278 3428 325 3466 em.
345 3411 496 3466 Rhenanus
516 3415 521 3477 Ι
543 3409 587 3476 78,
607 3408 855 3479 sunamitidem
878 3407 996 3462 castello
1013 3410 1017 3478 Ι
1034 3408 1076 3463 di-

97 3479 168 3537 essis
181 3482 356 3552 Beroaldus}
373 3488 389 3538 8
408 3478 643 3549 Canninefatium,
662 3488 694 3536 ut
712 3486 751 3536 eet
767 3482 800 3536 in
816 3480 915 3548 titulis,
933 3481 1078 3538 Asclrbacle

130 3554 173 3609 'nt
192 3552 289 3609 Jaeru.
311 3554 383 3622 XX,
403 3557 437 3608 51
454 3555 458 3623 Ι
475 3559 509 3609 10
526 3550 637 3623 pellunt
655 3548 819 3607 Rhenanus:
837 3549 981 3620 pelluntur

116 3649 222 3693 natum
236 3650 311 3694 raus
325 3653 344 3695 a
827 3645 858 3694 11
