2392 3876
119 191 182 256 186
466 190 638 260 pulsuum
654 191 773 248 ΤΑΟΙΤΙ

118 340 202 402 hant:
217 343 335 401 nomine
349 332 465 402 tantum
479 347 509 402 ct
522 347 644 400 auctore
660 358 743 421 opus,
758 339 820 418 [ut]
836 348 942 420 sponte
950 339 1087 404 Caesaris
1098 351 1133 403 ut

78 441 104 481 ιο
118 446 212 508 genus
226 429 344 490 Arsacis
358 432 453 508 ripam
466 429 543 507 apud
557 427 717 508 Euphratis
731 436 913 491 cerneretur.

185 515 236 581 32.
255 517 394 596 Cupitum
412 518 443 578 id
457 515 589 578 Tiberio:
608 525 694 577 ornat
707 516 853 578 Phraaten
872 519 1059 597 accingitque
1079 536 1132 598 pa·

118 614 238 668 ternum
251 606 288 666 ad
302 607 464 686 fastigium,
483 606 627 666 destinata
645 607 790 685 retinens,
809 605 941 666 consiliis
955 613 985 667 et
998 612 1065 667 astu
1080 625 1132 668 res

119 703 256 756 externas
275 694 385 774 moliri,
404 711 484 754 arma
502 693 607 772 procul
624 693 743 754 habere.
780 695 894 755 interea
913 696 1039 772 cognitis
1058 696 1131 756 insi·

119 784 176 844 diis
194 782 361 843 Artabanus
379 782 491 843 tardari
508 790 602 861 metu,
621 781 708 842 modo
728 781 867 860 cupidine
885 782 1032 844 vindictae
1050 785 1131 845 inar-

92 872 249 932 erescere.
274 878 304 930 et
317 868 451 930 barbaris
465 871 614 930 cunctatio
629 869 753 950 servilis,
768 872 867 932 statim
880 873 1003 950 exsequi
1012 873 1131 950 regium

119 959 248 1021 videtur:
276 958 368 1018 valuit
394 964 493 1018 tamen
515 957 640 1039 utilitas,
668 965 702 1019 ut
724 958 841 1019 Abdum
859 961 958 1039 specie
982 962 1131 1021 amicitiae

118 1053 255 1108 vocatum
269 1046 306 1108 ad
320 1045 422 1124 epulas
435 1046 515 1107 lento
529 1064 642 1106 veneno
656 1046 806 1127 inligaret,
826 1046 972 1108 Sinnacen
991 1048 1132 1110 dissimu-

118 1134 227 1195 latione
246 1152 280 1196 ac
298 1135 397 1214 donis,
416 1133 505 1195 simul
522 1152 577 1214 per
595 1136 713 1212 negotia
730 1143 906 1197 moraretur.
938 1142 969 1196 et
986 1135 1131 1199 Phraates

119 1223 196 1302 apud
208 1221 324 1284 Suriam
334 1223 405 1283 dum
419 1224 528 1283 omisso
543 1222 625 1284 cultu
634 1222 774 1304 Romano,
788 1225 839 1284 cui
852 1241 906 1302 per
919 1231 964 1284 tot
977 1241 1071 1286 anuos
1085 1227 1131 1285 iu·

80 1324 106 1363 1⁰
121 1319 269 1392 sueverat,
288 1313 425 1372 instituta
442 1309 620 1372 Parthorum
639 1313 741 1391 sumit,
760 1314 864 1390 patriis
881 1312 1015 1374 moribus
1033 1315 1132 1391 impar

79 1422 81 1426 ⁴
119 1399 223 1462 morbo
237 1399 412 1480 absumptus
426 1407 480 1462 est.
504 1399 555 1460 sed
570 1417 629 1461 non
644 1398 782 1460 Tiberius
796 1402 895 1461 omisit
908 1403 1039 1479 incepta:
1053 1400 1131 1462 Tiri·

120 1490 218 1552 dotem
237 1491 389 1569 sanguinis
408 1489 540 1550 eiusdem
559 1487 707 1549 aemulum
725 1488 886 1570 Artabano,
905 1489 1130 1567 reciperandae-

120 1597 178 1658 que
192 1579 347 1640 Armeniae
366 1577 509 1639 Hiberum
527 1576 717 1638 Mithridaten
735 1576 838 1655 deligit
856 1576 1054 1656 conciliatque
1072 1579 1130 1639 lra-

120 1670 161 1728 tri
178 1665 381 1746 Pharasmani,
401 1668 452 1744 qui
469 1665 577 1746 gentile
596 1667 753 1745 imperium
772 1664 936 1747 obtinebat3
955 1672 985 1726 et
1003 1669 1129 1748 cunctis,

82 1766 108 1807 1⁵
123 1774 197 1835 quae
217 1755 295 1835 apud
310 1754 462 1816 Orientem
480 1752 672 1834 parabantur,
691 1753 723 1814 L.
737 1752 886 1815 Vitellium
904 1755 1056 1833 praefecit
1095 1773 1129 1817 co

120 1845 156 1906 de
170 1842 289 1905 homine
303 1842 382 1904 haud
396 1859 463 1903 sum
481 1843 601 1921 ignarus
620 1844 770 1903 sinistram
788 1844 819 1902 in
838 1842 912 1904 urbe
930 1843 1050 1924 samam,
1068 1842 1130 1922 ple·

47 1942 50 1950 '
119 1951 211 2012 raque
225 1931 310 1993 sceda
323 1932 493 2011 memorari,
512 1937 645 1991 ceterum
659 1935 690 1992 in
704 1930 842 2009 regendis
855 1932 1017 2008 provinciis
1031 1934 1130 2010 prisca

80 2041 81 2047 ¹
119 2023 229 2081 virtute
248 2022 316 2098 egit.
353 2019 432 2079 unde
450 2035 606 2096 regressus
620 2013 655 2079 'et
675 2019 832 2080 formidine
851 2018 904 2080 Gai
922 2018 1069 2100 Caesaris,
1090 2019 1129 2081 la·

119 2107 287 2169 miliaritate
298 2106 413 2168 Claudii
425 2114 513 2185 turpe
528 2108 560 2166 in
574 2109 728 2169 servitium
741 2113 873 2170 mutatus
887 2107 1037 2186 exemplar
1050 2108 1129 2187 apud

80 2208 106 2249 ιο
119 2195 256 2277 posteros
280 2194 435 2256 adulatorii
457 2194 611 2256 dedecoris
634 2194 773 2276 habetur,
796 2203 1010 2274 cesseruntque
1033 2199 1130 2275 prima
1169 2224 1176 2239 ·

118 2287 289 2365 postremis,
305 2291 335 2344 et
349 2283 425 2344 bona
439 2285 574 2344 iuventae
589 2290 728 2344 senectus
742 2283 886 2362 flagitiosa
900 2283 1089 2346 oblitteravit.

185 2370 236 2435 33.
258 2373 295 2433 At
309 2390 345 2433 er
359 2371 470 2450 regulis
483 2373 566 2451 prior
580 2371 765 2433 Mithridates
778 2372 1006 2433 Pharasmanem
1019 2390 1129 2453 perpu-

79 2477 80 2481 ’
118 2463 153 2524 lit
171 2461 237 2524 dolo
261 2469 291 2523 et
314 2463 342 2521 ri
365 2467 489 2524 conatus
512 2478 583 2523 suos
605 2463 719 2541 iuvare,
742 2463 912 2540 repertique
936 2469 1129 2540 corruptores

118 2554 271 2614 ministros
285 2550 403 2611 Arsacis
416 2548 509 2611 multo
524 2567 596 2610 auro
610 2549 647 2610 ad
665 2548 763 2610 scelus
782 2556 905 2630 cogunt3
924 2549 1012 2610 simul
1025 2548 1130 2611 lllberi

119 2644 233 2720 magnis
248 2642 342 2718 copiis
356 2639 525 2700 Armeniam
538 2640 714 2718 inrumpunt
727 2645 757 2699 et
770 2636 845 2699 urbe
860 2637 997 2699 Artaxata
1010 2641 1128 2717 potiun-

91 2736 176 2789 ⁶tur.
213 2747 289 2807 quae
306 2735 463 2806 postquam
481 2726 628 2788 Artabano
652 2728 781 2807 cognita,
804 2725 897 2786 lilium
916 2725 1035 2787 Oroden
1053 2726 1126 2788 ulto·

117 2833 181 2876 rem
195 2823 296 2897 parat,
314 2815 364 2876 dat
377 2815 554 2877 Parthorum
568 2817 680 2896 copias,
699 2815 791 2875 mittit
804 2816 857 2893 qui
870 2813 977 2876 auxilia
990 2815 1128 2877 mercede

118 2903 262 2965 lacerentt
277 2910 380 2963 contra
393 2902 605 2965 Pharasmanes
620 2903 780 2982 adiungere
794 2901 934 2983 Albanos,
949 2904 1046 2964 accire
1061 2902 1127 2964 Sar·

188 3037 278 3104 81,19
298 3036 356 3108 [ut]
374 3037 436 3094 Joh
455 3037 573 3105 Memor,-
600 3038 664 3093 ollio
682 3039 762 3107 etsp
764 3038 829 3092 onte
851 3038 1036 3107 scribendum,
1063 3039 1129 3096 otiis

117 3111 149 3165 ut
167 3114 231 3165 onte
248 3122 336 3179 genus
358 3108 500 3163 dcundum
523 3079 632 3164 violetur
653 3106 658 3177 Ι
683 3113 718 3162 20
744 3123 854 3163 mances
879 3110 883 3176 Ι
908 3107 1016 3176 8210
1044 3108 1130 3165 sumit

118 3176 450 3250 Lipeiau:1nsum1tlla
470 3176 842 3247 drhgrtlruluraqueG.
861 3178 923 3236 eur.
942 3150 1127 3252 llermennl

120 3198 175 3306 ΠΡ·
167 3269 198 3306 1n
211 3251 275 3307 cdd.
294 3248 354 3305 ouo
370 3252 375 3316 Ι
390 3247 436 3317 88,
451 3247 570 3303 usimul
587 3194 755 3318 habepril
722 3256 738 3305 6
757 3248 807 3305 dut
820 3248 986 3304 Parthorum
999 3249 1128 3306 Dudum

118 3322 169 3377 dat
185 3321 413 3392 parthorumque,
432 3321 504 3375 unde
521 3320 667 3375 verisimile
684 3324 723 3375 eet
739 3336 836 3375 nomen
849 3323 937 3389 pectis
950 3322 1128 3389 intercidisse,

117 3399 149 3448 ut
166 3391 297 3447 Ariorum
320 3390 551 3462 (Berrenhuqerh
579 3388 724 3472 Medorum
749 3391 909 3461 (Heracus),
936 3361 1130 3460 Hyrcanorum

118 3463 315 3589 (Nipperdeppp
289 3463 367 3533 ),efi
378 3463 456 3529 odd,
470 3465 507 3518 19
524 3460 587 3530 (dut
602 3458 743 3572 pecunius
770 3460 991 3516 Parthorumque
1005 3461 1127 3535 Rittcr)l

118 3531 244 3589 'laccire
326 3533 377 3589 Fr.
397 3533 616 3589 Groomiuur
