2392 3876
137 192 180 255 oo
489 189 659 246 coeunnn
676 189 796 245 raom
825 258 834 271 ⁴

205 335 256 400 28.
280 337 319 399 Ut
337 341 409 400 satis
427 341 549 401 testium
567 346 597 399 et
616 341 668 418 qui
686 340 765 399 servi
783 339 884 399 eadem
902 350 1062 401 noscerent
1081 361 1146 421 rep-

138 428 225 506 perit,
244 427 355 488 aditum
370 428 405 489 ad
420 429 585 507 principem
603 426 742 506 postulat,
762 426 962 488 demonstrato
977 431 1102 489 crimine
1117 438 1148 490 et

138 532 191 576 reo
204 532 259 595 per
274 515 619 577 FlaccumVescularium
632 517 762 593 equitem
775 514 948 594 Romanum,
962 518 1011 576 cui
1025 521 1147 594 propior

95 657 98 662 .
139 623 208 666 cum
231 603 351 665 Tiberio
374 621 447 665 usus
470 608 541 664 erat.
582 601 689 663 Caesar
712 602 855 662 indicium
878 602 957 662 haud
971 611 1146 680 aspernatus

112 703 318 772 trangressus
340 690 459 751 abnuit:
485 708 573 769 posse
601 692 679 750 euim
703 691 806 750 eodem
829 687 934 751 Flacco
962 692 1146 750 internuntio

139 798 292 842 sermones
306 795 479 838 commeare.
508 785 596 857 atque
610 780 728 839 interim
743 777 886 838 Libonem
900 786 986 838 ornat
998 787 1147 857 praetura,

139 866 325 928 convictibus
339 865 467 946 adhibet,
489 884 549 926 non
563 865 647 926 vultu
661 865 814 946 alienatus,
833 883 893 926 non
907 865 1005 926 verbis
1020 885 1146 928 commo·

138 957 197 1015 tior
216 948 304 1037 (adeo
323 955 397 1013 iram
417 949 618 1035 condiderat);
639 962 804 1033 cunctaque
824 957 888 1015 eius
907 954 985 1015 dicta
1003 955 1147 1034 factaque,

36 1104 48 1120 ,
139 1060 207 1103 cum
225 1040 384 1120 prohibere
403 1049 514 1122 posset,
533 1044 609 1102 scire
626 1041 766 1121 malebat,
784 1043 879 1104 donec
898 1041 1000 1103 lunius
1020 1044 1148 1121 quidam,

100 1140 127 1182 ιο
139 1137 301 1209 temptatus
318 1136 353 1190 ut
369 1130 501 1190 infernas
514 1128 635 1191 umbras
649 1130 830 1191 carminibus
849 1129 983 1210 eliceret,
1001 1131 1037 1191 ad
1051 1130 1148 1191 Fulci-

139 1221 222 1279 nium
241 1217 382 1278 'lrionem
401 1217 544 1279 indicium
568 1217 682 1279 detulit.
718 1217 836 1279 celebre
858 1220 937 1278 inter
959 1226 1148 1278 accusatores

139 1304 258 1366 Trionis
271 1307 423 1385 ingenium
438 1313 502 1366 erat
515 1305 693 1385 avidumque
706 1306 800 1367 famae
812 1306 914 1366 malae.
943 1308 1041 1366 statim
1056 1309 1147 1366 corri-

139 1397 184 1472 pit
197 1412 292 1475 reum,
310 1394 371 1455 adit
392 1393 540 1475 consules,
558 1396 757 1473 cognitionem
776 1402 896 1455 senatus
916 1396 1020 1472 poscit
1056 1401 1086 1454 et
1100 1412 1148 1453 vo

25 1542 28 1547 .
141 1491 247 1544 cantur
261 1490 370 1563 patres,
384 1483 484 1544 addito
498 1482 726 1544 consultandum
741 1500 832 1561 super
846 1500 880 1543 re
893 1500 997 1560 magna
1007 1490 1037 1543 et
1046 1484 1148 1544 atroci.

203 1569 254 1633 29.
278 1571 352 1632 Libo
373 1573 493 1632 interim
512 1578 593 1633 veste
612 1578 724 1632 mutata
742 1588 811 1632 cum
830 1570 1012 1649 primoribus
1031 1570 1150 1631 feminis

141 1663 300 1721 circumire
323 1659 435 1740 domos,
459 1677 544 1720 orare
568 1659 688 1739 adlines,
713 1677 816 1719 vocem
839 1658 994 1720 adversum
1018 1659 1150 1738 pericula

140 1766 277 1827 poscere,
301 1747 500 1808 abnuentibus
523 1749 652 1827 cunctis,
681 1764 749 1806 cum
772 1747 888 1807 diversa
911 1746 1150 1826 praetenderent,

141 1836 243 1897 eadem
266 1835 433 1896 formidine.
469 1833 517 1895 die
541 1841 662 1894 senatus
684 1840 766 1894 metu
790 1841 820 1893 et
837 1834 1022 1912 aegritudine
1043 1834 1150 1914 lessus,

114 1931 127 1970 ⁶
141 1927 212 2002 sive,
227 1930 261 1983 ut
274 1922 423 1984 tradidere
438 1920 565 2001 quidam,
582 1920 718 1983 simulato
732 1919 846 2001 morbo,
863 1920 968 1981 lectica
982 1919 1098 1981 delatus
1113 1924 1150 1983 ad

141 2010 220 2070 iores
243 2012 342 2069 curiae
366 2012 541 2086 innisusque
562 2009 647 2068 fratri
665 2015 696 2069 et
712 2025 818 2068 manus
836 2025 871 2069 ac
889 2007 1039 2087 supplices
1062 2028 1150 2070 voces

140 2097 177 2158 ad
187 2096 340 2158 'liberium
353 2097 480 2158 tendens
493 2099 614 2157 immoto
629 2099 694 2157 eius
707 2095 791 2156 vultu
806 2096 961 2175 excipitur.
984 2114 1053 2157 mox
1067 2097 1149 2159 libel·

140 2184 185 2246 los
204 2193 235 2245 et
252 2193 388 2247 auctores
406 2186 513 2246 recitat
530 2183 637 2245 Caesar
654 2186 695 2244 ita
713 2183 883 2263 moderans,
906 2201 944 2245 ne
962 2184 1057 2246 lenire
1075 2204 1149 2247 neve

141 2292 278 2353 asperare
292 2275 415 2334 crimina
429 2273 588 2334 videretur.

208 2359 259 2423 30.
278 2361 473 2423 Accesserant
494 2368 614 2440 praeter
632 2360 772 2421 Trionem
789 2368 821 2421 et
838 2360 943 2422 Catum
961 2369 1150 2423 accusatores

140 2448 283 2511 Fonteius
305 2449 433 2529 Agrippa
456 2456 486 2509 et
513 2448 544 2511 C.
562 2448 678 2528 Vibius,
706 2447 917 2527 certabantque
940 2452 991 2511 cui
1013 2453 1061 2510 ius
1083 2469 1149 2529 per·

142 2538 246 2600 orandi
259 2540 290 2599 in
304 2556 389 2599 reum
403 2538 533 2618 daretur,
551 2537 646 2598 donec
659 2535 776 2616 Vibius,
796 2539 864 2616 quia
883 2555 939 2599 nec
953 2539 1012 2616 ipsi
1024 2540 1103 2598 inter
1117 2556 1149 2598 se

141 2628 339 2689 concederent
358 2633 388 2687 et
405 2625 478 2687 bibo
502 2627 565 2686 sine
588 2635 712 2705 patrono
735 2627 901 2706 introisset,
929 2625 1098 2705 singillatim
1117 2645 1149 2686 se

114 2717 266 2775 ocrimina
293 2714 479 2776 obiecturum
506 2714 671 2794 professus,
698 2713 823 2791 protulit
849 2712 964 2774 libellos
990 2714 1151 2775 vaecordes

141 2801 227 2883 adeo,
251 2810 286 2863 ut
308 2801 519 2863 consultaverit
536 2801 624 2883 Libo,
647 2819 685 2862 an
703 2801 860 2863 habiturus
878 2803 956 2863 foret
974 2820 1059 2882 opes,
1083 2804 1150 2879 quis

140 2891 217 2950 viam
236 2890 360 2969 lippiam
377 2888 570 2952 Brundisium
589 2908 684 2970 usque
707 2892 833 2969 pecunia
857 2892 996 2969 operiret
1033 2891 1151 2950 inerant

142 2985 172 3040 et
185 2977 241 3039 alia
255 2977 475 3041 huiuscemodi
489 2978 595 3040 stolida
609 2995 694 3057 vana,
710 2980 736 3038 si
749 2978 867 3039 mollins
881 2980 1044 3057 acciperes,
1063 2980 1150 3038 mise·

141 3066 241 3129 rande.
268 3083 329 3128 uno
343 3073 442 3128 tamen
457 3066 555 3128 libello
569 3084 657 3127 manu
672 3065 794 3127 Libonis
808 3065 977 3126 nominibus
991 3063 1150 3127 Caesarum

103 3165 129 3207 ¹0
142 3163 194 3218 aut
212 3161 383 3217 senatorum
401 3154 515 3216 additas
536 3161 652 3215 atroces
670 3153 717 3213 vel
739 3153 870 3215 occultas
891 3160 975 3213 notas
996 3162 1151 3215 accusator

142 3243 292 3323 arguebat
320 3249 445 3322 negante
464 3260 516 3303 reo
536 3241 750 3320 adgnoscentes
764 3259 865 3302 servos
878 3258 933 3318 per
945 3248 1093 3301 tormenta
1108 3243 1150 3300 in·

212 3378 285 3446 28,6
300 3392 441 3432 sermones
456 3376 620 3431 Rbeacees:
639 3390 765 3430 sermone
781 3377 947 3444 (sermonem
959 3373 1058 3441 Rider,
1073 3379 1102 3428 at
1116 3377 1151 3442 cf.

142 3448 180 3505 H.
189 3454 219 3516 2,
227 3454 264 3506 99
272 3447 402 3503 ministro
413 3461 572 3503 samonam
578 3445 696 3510 Rubrio)
712 3448 716 3512 Ι
732 3446 804 3510 title
818 3447 848 3498 et
861 3451 878 3498 8
891 3443 992 3497 Vibius
1005 3442 1151 3498 Gruterw

141 3518 226 3575 liuius
245 3520 280 3586 cs.
295 3523 321 3585 4,
336 3525 377 3576 28
392 3522 397 3585 l
413 3525 430 3575 a
447 3533 503 3573 uno
522 3517 615 3572 Krete:
634 3517 684 3570 uni
699 3519 704 3586 Ι
720 3521 753 3569 11
772 3514 953 3585 interrogare,
972 3531 1019 3570 aaa
1038 3514 1153 3584 Ηριίαι
