2408 3870
111 146 177 212 312
464 143 633 201 CORNELII
648 143 768 201 ΤΔΟΠἸ

112 297 208 357 lactus
227 302 332 356 natura
352 302 382 355 et
400 294 615 356 consuetudine
635 297 784 355 exercitus
804 294 900 355 velare
919 294 1022 356 odium
1045 295 1130 358 lalla-

113 383 197 445 cibus
217 383 376 445 blanditiis.
414 383 540 464 Seneca,
559 385 610 462 qui
630 383 697 443 finis
717 385 848 444 omnium
867 401 935 445 cum
953 383 1131 447 dominante

73 488 99 530 u
114 491 293 552 sermonum,
308 480 407 551 grates
421 475 494 551 agit:
509 472 561 532 sed
572 474 706 533 instituta
715 473 825 552 prioris
833 473 983 551 potentiae
993 491 1130 535 commu-

113 569 169 641 tat,
187 560 326 640 prohibet
340 568 443 622 coetus
457 560 661 639 salutantium,
680 562 752 621 vitat
765 562 945 643 comitantis,
964 579 1053 622 rarus
1073 580 1133 641 per

114 650 231 732 urbem,
251 652 337 730 quasi
354 649 521 710 valetudine
539 648 654 709 intensa
674 657 724 709 aut
743 651 904 728 sapientiae
922 649 1032 711 studiis
1045 650 1131 712 domi

113 739 305 801 adtineretur.

180 825 231 889 57.
251 825 392 887 Perculso
407 825 519 887 Seneca
537 833 708 905 promptum
726 826 782 888 tuit
795 826 905 888 Rulum
920 825 1064 888 Faenium
1084 830 1130 890 in·

114 918 249 978 minuere
264 915 442 994 Agrippinae
458 915 617 975 amicitiam
630 917 660 975 in
676 932 711 976 eo
726 913 960 977 criminantibus.
988 915 1129 978 validior·

115 1023 172 1084 que
191 1007 222 1064 in
242 1003 305 1064 dies
320 1002 482 1081 Tigellinus
501 1012 531 1065 et
549 1003 639 1064 malas
658 1011 750 1084 artes,
771 1004 879 1083 quibus
898 1004 969 1065 solis
986 1003 1131 1087 pollebat,

115 1095 258 1171 gratiores
272 1098 369 1172 ratus,
383 1093 409 1152 si
423 1093 588 1171 principem
603 1093 742 1153 societate
757 1092 903 1155 scelerum
917 1092 1132 1176 obstringeret,

88 1192 101 1234 ὁ
114 1188 213 1242 metus
226 1183 292 1241 cius
306 1181 444 1261 rimatur,
463 1189 665 1261 coopertoque
678 1179 815 1242 Plautum
830 1189 860 1242 et
874 1181 985 1242 Sullam
999 1184 1130 1244 maxime

115 1271 226 1348 timeri,
244 1267 380 1330 Plautum
399 1271 429 1330 in
448 1270 561 1350 Asiam,
584 1269 695 1330 Sullam
714 1271 744 1330 in
764 1269 885 1332 Galliam
903 1269 1131 1333 Narbonensem

115 1377 211 1437 nuper
224 1365 345 1439 amotos,
360 1357 543 1420 nobilitatem
558 1376 660 1420 eorum
672 1366 701 1418 et
711 1360 896 1438 propinquos
906 1360 975 1420 huic
985 1358 1132 1442 Orientis,

114 1447 157 1508 illi
176 1447 349 1508 Germaniae
368 1449 518 1509 exercitus
537 1455 755 1509 commemorat.
793 1465 852 1507 non
872 1465 916 1528 se,
936 1457 969 1510 ut
986 1446 1132 1530 Burrum,

115 1537 246 1597 diversas
271 1554 353 1616 spes,
381 1537 433 1597 sed
459 1536 549 1598 solam
573 1535 804 1597 incolumitatem
828 1535 954 1597 Neronis
977 1543 1131 1618 spectare,

75 1639 101 1678 1⁰
115 1627 165 1686 cui
179 1627 277 1687 careri
290 1632 452 1704 utcumque
466 1624 503 1686 ab
517 1623 639 1686 urbanis
653 1624 769 1685 insidiis
782 1627 934 1704 praesenti
947 1642 1050 1705 opera:
1064 1624 1131 1687 lon·

115 1715 242 1794 ginquos
256 1721 354 1775 motus
374 1731 500 1793 quonam
519 1713 607 1775 modo
626 1714 782 1792 comprimi
799 1709 909 1792 posse?
931 1722 1047 1782 erectas
1062 1712 1131 1775 Gal·

115 1802 169 1864 lias
184 1802 219 1863 ad
234 1820 342 1863 nomen
356 1801 558 1883 dictatorium,
576 1819 632 1863 nec
645 1804 744 1863 minus
759 1818 920 1881 suspensos
934 1802 1020 1863 Asiae
1034 1819 1131 1883 popu·

115 1892 160 1953 los
174 1890 350 1951 claritudine
369 1893 415 1952 avi
429 1890 525 1953 Drusi.
559 1889 670 1951 Sullam
688 1893 819 1972 inopem,
839 1890 917 1951 unde
935 1892 1131 1971 praecipuam

116 1980 276 2058 audaciam,
291 1987 321 2039 et
330 1978 533 2040 simulatorem
542 1981 695 2060 segnitiae,
709 1979 780 2040 dum
794 1980 954 2041 temeritati
968 1978 1066 2040 locum
1082 1998 1130 2041 re·

77 2079 102 2120 16
116 2071 235 2147 periret.
273 2067 409 2128 Plautum
431 2069 545 2146 magnis
563 2067 670 2146 opibus
689 2085 727 2128 ne
745 2068 856 2148 fingere
875 2068 995 2148 quidem
1014 2068 1131 2147 cupidi·

116 2173 184 2216 nem
199 2156 261 2236 otii,
276 2154 327 2215 sed
341 2162 475 2216 veterum
490 2155 689 2216 Romanorum
703 2157 884 2217 imitamenta
898 2156 1064 2238 praeferre,
1079 2158 1130 2218 ad·

117 2250 233 2322 sumpta
248 2244 336 2303 ctiam
352 2242 520 2304 Stoicorum
534 2243 705 2323 adrogantia
724 2252 877 2327 sectaque,
897 2262 971 2326 quae
990 2245 1132 2307 turbidos

116 2339 146 2393 et
160 2333 346 2410 negotiorum
361 2331 533 2412 adpetentes
548 2332 642 2394 saciat.
671 2351 725 2395 nec
741 2333 818 2395 ultra
832 2352 923 2395 mora.
947 2331 1026 2394 Sulla
1043 2341 1130 2396 sexto

116 2421 163 2482 dic
190 2423 338 2500 pervectis
360 2420 519 2482 Massiliam
546 2422 774 2501 percussoribus
797 2429 865 2484 ante
889 2430 1000 2483 metum
1024 2430 1055 2483 et
1078 2441 1130 2484 ru·

75 2523 102 2563 20
116 2529 229 2571 morem
248 2511 439 2590 interficitur,
462 2528 529 2572 curn
550 2510 689 2590 epulandi
708 2529 795 2572 causa
815 2509 1024 2573 discumberet.
1060 2528 1130 2590 per·

115 2598 207 2661 latum
230 2608 319 2679 caput
342 2601 406 2661 elus
429 2599 532 2660 inlusit
550 2598 628 2660 Nero
646 2607 796 2678 tamquam
814 2607 1000 2678 praematura
1019 2601 1131 2661 canitie

114 2688 254 2749 deforme.

183 2774 233 2838 58.
250 2776 352 2837 Plauto
366 2779 465 2856 parari
479 2767 582 2837 necem
597 2794 655 2836 non
671 2776 794 2855 perinde
809 2775 959 2838 occultum
973 2776 1044 2856 luit,
1058 2777 1129 2856 qnia

115 2862 253 2943 pluribus
272 2865 352 2924 salus
371 2867 436 2926 cius
455 2864 628 2944 curabatur,
651 2873 685 2925 et
703 2866 831 2944 spatium
849 2866 965 2926 itineris
984 2883 1018 2925 ac
1037 2867 1130 2926 maris

117 2960 293 3031 tempusque
313 2955 502 3014 interiectum
520 2960 653 3014 moverat
671 2952 789 3034 samam;
814 2952 960 3033 vulgoque
978 2953 1131 3032 tingebant

117 3043 244 3121 petitum
263 3040 299 3101 ab
319 3059 354 3101 eo
373 3041 584 3122 Corbulonem,
603 3043 717 3120 magnis
736 3049 799 3102 tum
818 3040 999 3103 exercitibus
1016 3044 1129 3120 praesi-

89 3130 237 3191 edentem
260 3137 303 3211 et,
329 3130 400 3191 clari
424 3138 512 3210 atque
534 3133 668 3190 insontes
690 3133 718 3190 si
739 3130 995 3217 interficerentur,
1014 3132 1129 3208 praeci-

188 3283 234 3350 57,
256 3289 289 3338 10
307 3283 451 3353 praesenti
475 3298 562 3352 opera
579 3284 705 3354 Lipsius:
728 3280 921 3354 praesentiora
943 3285 1042 3352 (prees.
1061 3297 1131 3336 cura

117 3355 262 3425 Agricola,
284 3371 325 3423 pr.
345 3352 429 3424 copia
446 3353 543 3409 Haase
560 3355 619 3409 coll.
638 3358 664 3420 4,
683 3358 729 3419 47)
750 3356 755 3425 Ι
776 3360 809 3409 12
832 3367 981 3423 suspensos
999 3351 1129 3424 Lipsius:

117 3425 337 3551 ppasgechpzelff
354 3423 495 3495 prelatum
516 3426 521 3494 Ι
543 3423 590 3492 58,
609 3429 625 3479 6
650 3424 674 3478 si
692 3426 737 3482 liic
754 3425 818 3482 add.
836 3423 1048 3495 Bezzenberper,
1066 3429 1131 3479 aute
