2392 3876
110 192 177 255 140
458 189 630 245 boumn
647 189 770 246 utem

110 342 403 419 sinnusimperitet,
421 339 1038 420 lneeconquiriuadiquenremluerit,
1059 344 1131 421 quia

70 427 777 509 upaucipmumtiaionestnbdeterioiibns,
794 428 879 489 util‘n
896 427 935 488 ab
952 431 1132 491 noxiisdis-

110 527 247 598 cernum,
266 519 370 597 plures
387 517 512 577 aliorum
526 519 641 577 eventis
653 517 807 579 donentur.
842 524 978 577 ceterum
1000 525 1038 578 ut
1061 537 1133 598 pro

111 606 269 687 lutura,ita
278 609 434 667 minimum
441 605 648 666 oblectationis
656 605 803 666 adierunt
820 608 1132 689 nasitusgentium

110 699 269 756 varietates
286 694 482 773 proeliorum,
499 694 573 753 clari
591 694 702 754 ducum
721 697 819 755 exitus
831 697 964 755 retinent
977 713 1013 754 ac
1026 696 1131 756 redin-

110 792 230 861 tegrant
242 784 404 861 legentium
417 784 563 843 mimum:
582 800 638 843 nos
655 786 849 863 semiusta,
866 784 1026 843 continuas
1042 803 1132 846 aceu-

71 885 98 926 15
112 875 256 949 sationes,
278 870 396 931 fallaces
416 872 575 951 amicitias,
596 873 761 950 perniciem
782 874 986 932 innocentium
1009 880 1044 933 et
1068 891 1132 934 eas·

112 959 180 1018 dem
193 962 276 1019 exitu
289 976 394 1018 causas
412 961 635 1039 contangione,
657 958 742 1020 obvia
761 978 864 1020 rerum
882 959 1085 1023 similitudine
1102 971 1134 1023 et

112 1050 255 1107 satietate.
286 1055 351 1107 tum
369 1047 448 1126 quod
466 1049 597 1126 antiquis
615 1048 813 1126 scriptoribus
832 1067 920 1109 ranis
933 1048 1133 1132 obtrectator,

112 1153 209 1213 neque
232 1135 326 1196 refert
350 1138 526 1215 cuiusquam
547 1134 676 1196 Punicas
701 1135 884 1198 Romanasne
911 1139 991 1196 acies
1017 1137 1133 1200 laetius

112 1223 268 1285 extuleris:
288 1232 320 1284 at
335 1223 510 1303 multorum,
532 1227 585 1303 qui
601 1224 723 1285 'liberio
740 1233 863 1304 regente
880 1243 1008 1304 poenam
1021 1227 1075 1288 vel
1088 1231 1133 1290 in·

72 1328 99 1368 to
112 1312 216 1372 samias
239 1311 368 1395 subiere,
390 1316 504 1392 posteri
525 1322 655 1372 manent
695 1321 788 1392 utque
811 1314 938 1374 familiae
960 1316 1048 1393 ipsae
1072 1319 1134 1378 iam

112 1403 260 1463 extinctae
279 1405 353 1482 sint,
371 1405 504 1481 reperies
523 1404 575 1480 qui
591 1401 631 1461 ob
648 1401 872 1462 similitudinem
890 1420 1008 1463 morum
1031 1403 1133 1466 aliena

111 1490 264 1551 malefacta
278 1491 337 1551 sibi
350 1489 494 1552 obiectari
506 1498 621 1570 putent
648 1492 738 1550 etiam
756 1490 850 1568 gloria
868 1509 903 1552 ac
920 1493 1016 1551 virtus
1030 1495 1133 1555 infen-

113 1597 163 1641 sos
181 1580 283 1661 babet,
303 1590 339 1642 ut
355 1581 445 1640 nimis
462 1598 499 1641 ex
516 1581 685 1658 propinquo
705 1578 821 1639 diversa
839 1597 975 1658 arguens.
1013 1582 1072 1642 sed
1096 1583 1132 1643 ad

113 1671 266 1749 inceptum
280 1668 379 1729 redeo.

178 1757 229 1820 34.
257 1756 394 1819 Cornelio
416 1755 508 1816 (losse
530 1756 632 1815 Asinio
655 1756 785 1835 Agrippa
807 1755 980 1817 consulibus
1004 1755 1132 1821 Cremu-

113 1849 174 1908 tius
187 1846 302 1908 Cordus
316 1843 493 1924 postulatur,
507 1861 582 1903 novo
596 1862 631 1904 ac
645 1852 717 1904 tunc
731 1846 860 1923 primum
875 1844 976 1906 audito
990 1846 1132 1929 crimine,

114 1935 192 2015 quod
215 1934 302 1995 editis
325 1931 480 1993 annalibus
503 1930 679 2011 laudatoque
698 1932 735 1994 ll.
754 1933 847 1994 Bruto
865 1932 896 1994 C.
915 1932 1053 1995 Cassium
1073 1935 1131 1997 llo·

114 2040 269 2083 manorum
282 2021 419 2082 ultimum
432 2021 565 2081 dixisset.
600 2021 780 2082 accusabant
793 2021 910 2082 Satrius
925 2020 1086 2085 Secundus
1100 2033 1131 2086 et

86 2126 99 2166 s
114 2110 250 2171 Pinarius
264 2109 364 2191 Natta,
389 2108 488 2169 Seiani
502 2109 633 2172 clientes.
668 2110 698 2170 id
716 2109 907 2190 perniciabile
922 2128 988 2189 reo,
1011 2119 1043 2171 et
1057 2112 1130 2173 Cae-

114 2217 162 2261 sar
176 2201 255 2259 truci
268 2198 351 2259 vultu
362 2198 565 2259 defensionem
574 2200 732 2279 accipiens,
747 2217 834 2278 quam
844 2198 1023 2281 Cremutius,
1037 2200 1130 2262 relin-

115 2286 248 2369 quendae
267 2289 342 2347 vitae
364 2294 473 2366 certus,
496 2288 527 2346 in
549 2285 630 2348 hunc
653 2287 774 2349 modum
796 2305 920 2349 exorsus
941 2295 1001 2348 est:
1024 2284 1129 2350 ‘verba

114 2394 188 2456 mea,
211 2383 311 2454 patres
330 2377 501 2455 conscripti,
520 2382 699 2454 arguuntur:
721 2375 793 2436 adeo
817 2377 962 2437 lectorum
980 2379 1130 2439 innocens

79 2493 81 2498 ·
114 2483 189 2527 sum.
222 2464 273 2526 sed
292 2483 389 2544 neque
407 2464 480 2524 baec
498 2465 530 2524 in
551 2465 716 2544 principem
736 2473 787 2525 aut
804 2467 948 2544 principis
962 2474 1130 2548 parentem,

75 2568 101 2609 ιο
115 2573 190 2634 quos
199 2553 247 2615 lex
257 2554 419 2615 maiestatis
429 2550 631 2631 amplectitur:
644 2553 770 2613 Brutum
779 2560 810 2614 et
816 2552 951 2614 Cassium
960 2553 1129 2616 laudavisse

115 2644 207 2724 dicor,
227 2662 354 2723 quorum
373 2660 422 2703 res
440 2648 538 2721 gestas
557 2659 625 2702 cum
643 2640 765 2720 plurimi
783 2644 1016 2723 composuerint,
1038 2660 1130 2704 nemo

115 2733 179 2790 sine
202 2732 314 2793 honore
333 2731 515 2793 memoravit.
553 2729 638 2791 Titus
657 2729 767 2810 Livius,
790 2730 976 2809 eloquentiae
999 2749 1033 2791 ac
1057 2732 1130 2792 fidei

114 2817 285 2897 praeclarus
298 2822 329 2880 in
344 2822 458 2900 primis,
477 2818 528 2879 Cn.
543 2818 717 2898 Pompeium
730 2821 821 2879 tantis
834 2818 972 2880 laudibus
990 2818 1072 2901 tulit,
1094 2829 1132 2881 ut

115 2906 325 2985 Pompeianum
347 2926 416 2968 eum
429 2908 580 2985 Augustus
603 2905 778 2987 appellaret;
806 2924 903 2987 neque
926 2907 956 2967 id
980 2908 1130 2969 amicitiae

76 3008 101 3050 15
115 3007 219 3056 eorum
238 2994 344 3055 ollecit.
378 2994 560 3077 Scipionem,
578 2994 745 3075 Afranium,
763 2994 843 3056 bunc
865 2997 964 3074 ipsum
983 2995 1132 3078 Cassium,

186 3183 232 3249 33,
248 3188 281 3237 16
300 3180 389 3252 exilu]
410 3180 490 3236 exitii
510 3182 646 3251 Piebena5
663 3183 735 3238 illud
752 3187 804 3238 eat:
823 3198 921 3238 causas
939 3183 1052 3238 medem
1070 3186 1130 3239 eai-

115 3261 173 3311 tam
191 3255 317 3310 babentes
332 3256 336 3320 Ι
354 3256 386 3307 18
404 3251 582 3307 Romanasne
596 3253 770 3334 Nipperdey;
788 3253 823 3319 cf.
838 3253 873 3308 A.
892 3252 993 3309 Gerber
1011 3255 1044 3308 de
1060 3271 1130 3322 por·

114 3327 200 3382 titula
219 3340 257 3378 an
274 3323 360 3393 (Post.
377 3324 463 3391 1866)
477 3339 508 3391 p,
528 3324 583 3391 131
601 3329 633 3377 19
652 3323 797 3376 infamiam
811 3322 940 3393 Lipsiae,
957 3339 1062 3393 poenas
1082 3326 1131 3380 vel

114 3395 260 3450 infamiam
279 3395 404 3451 Heraeus
427 3395 433 3463 1
457 3399 491 3447 11
519 3392 642 3474 reperias
662 3395 791 3464 Medeia,
819 3397 853 3460 ef.
874 3396 911 3451 ad
929 3398 1020 3462 6,,22,
1039 3398 1130 3463 4113

114 3465 198 3520 nimis
209 3468 349 3521 Muretus:
364 3464 465 3520 animis
481 3467 485 3530 Ι
502 3463 538 3518 ad
548 3466 681 3534 moerim
715 3480 811 3504 ΜΝ
833 3467 947 3520 *neor*
959 3466 1002 3508 ’νδ
1013 3464 1131 3536 incepta

115 3538 162 3606 al.)
182 3537 216 3604 cf.
237 3541 263 3607 6,
281 3540 325 3593 22.
346 3536 412 3593 Sall.
434 3535 484 3588 (Μ
511 3539 530 3592 7
562 3535 607 3576 ⁷⁴¹1
