2392 3876
282 183 331 240 ΑΒ
348 182 511 241 EXCESSU
529 180 684 239 AUGUSTI
700 184 722 238 1.
742 189 855 240 aa-a‘t.
1040 185 1081 248 15

72 336 225 400 silentium
239 352 329 396 manu
342 350 477 412 poscens.
503 330 546 393 illi
556 334 694 410 quotiens
704 331 805 392 oculos
816 332 852 393 ad
861 331 1081 393 multitudinem

72 425 263 504 rettulerant,
283 421 406 483 vocibus
425 420 603 482 truculentis
622 430 769 500 strepere,
790 438 912 481 rursum
930 423 992 481 viso
1012 420 1108 482 Cae-a

73 531 140 576 sare
158 512 321 591 trepidarc;
343 527 479 571 murmur
496 511 658 590 incertum,
678 517 762 569 atrox
781 508 891 568 clamor
910 518 941 570 et
959 518 1082 586 repente

73 605 173 682 quics;
200 600 326 660 diversis
351 600 516 659 animorum
540 596 671 658 motibus
693 596 839 676 pavebant
861 596 1081 675 terrebantque.

73 690 192 752 tandem
206 691 374 766 interrupto
388 687 518 748 tumultu
531 686 633 746 literas
646 687 740 764 patris
754 687 872 765 recitat,
886 686 917 745 in
934 688 1001 764 quis
1015 703 1082 765 per·

73 781 219 856 scriptum
237 785 314 856 erat,
332 778 522 854 praeeipuam
540 775 598 852 ipsi
616 774 845 835 fortissimarum
863 776 1013 853 legionum
1032 792 1082 835 cu·

73 885 150 945 ram,
174 864 352 943 quibuscum
370 863 497 942 plurima
520 861 595 923 bella
618 861 817 941 toleravisset3
839 860 891 922 ubi
913 865 1043 943 primum
1066 881 1122 924 aro

74 955 159 1015 luctu
176 955 343 1032 requiesset
360 954 484 1029 animas,
503 958 638 1012 acturum
657 952 735 1030 apud
754 958 853 1029 patres
875 950 912 1011 de
926 951 1082 1029 postulatis

76 1059 193 1122 eorum,
207 1043 321 1101 misisse
332 1042 451 1101 interim
461 1039 562 1121 lilium,
576 1047 611 1100 ut
624 1041 688 1100 sine
703 1042 890 1100 cunctatione
904 1041 1083 1100 concederet

75 1147 151 1210 quae
170 1132 268 1190 statim
286 1128 379 1189 tribui
397 1137 532 1210 possent,
555 1137 654 1189 cetera
679 1130 796 1188 senatui
814 1127 970 1209 servanda,
994 1146 1083 1207 quem
1137 1126 1144 1139 ’

74 1236 172 1297 neque
185 1220 295 1297 gratiae
311 1235 407 1296 neque
422 1220 588 1279 severitatis
603 1224 755 1295 expertem
769 1215 874 1282 baberi
887 1235 940 1295 par
955 1224 1042 1278 esset.

141 1304 193 1368 26.
211 1306 398 1385 Responsum
419 1313 502 1366 est-a
523 1308 674 1384 contione,
696 1304 830 1364 mandata
851 1304 995 1366 Clementi
1016 1322 1083 1365 ceu-

73 1397 188 1456 turioni
206 1411 281 1472 quae
300 1393 456 1469 perterret.
484 1395 510 1451 is
524 1392 640 1451 orditur
654 1392 690 1451 de
705 1394 844 1451 missione
859 1411 876 1451 a
890 1393 1020 1454 sedecim
1034 1411 1083 1453 an·

74 1486 131 1559 nis,
149 1481 186 1540 de
205 1482 344 1557 praemiis
359 1479 459 1538 linitae
473 1478 602 1557 militiae,
615 1486 650 1538 ut
664 1478 803 1538 denarius
818 1478 959 1540 diurnum
973 1483 1083 1558 stipen-

76 1569 159 1628 dium
173 1567 259 1646 loret,
272 1583 310 1626 ne
324 1567 456 1625 veterani
469 1565 525 1625 sub
541 1564 644 1626 vexillo
659 1565 847 1626 haberentur.
875 1567 912 1627 ad
926 1585 960 1627 ea
969 1567 1083 1629 Drusus

76 1673 146 1716 cum
161 1653 318 1714 arbitrium
327 1661 447 1714 senatus
458 1659 488 1714 et
497 1655 590 1731 patris
600 1652 783 1733 obtenderet,
799 1652 927 1715 clamore
937 1654 1111 1717 turbatura
1178 1720 1181 1724 Α

75 1761 132 1804 eur
151 1745 293 1822 venisset,
312 1760 410 1822 neque
428 1742 571 1820 augendis
585 1742 711 1802 militum
726 1742 881 1821 stipendiis
896 1761 993 1822 neque
1008 1744 1084 1804 adle-

74 1831 179 1892 vandis
202 1830 366 1911 laboribus,
391 1831 519 1909 deniqne
543 1829 622 1891 nulla
643 1829 718 1891 bene
741 1830 868 1891 faciendi
887 1829 1028 1893 licentia?
1056 1841 1085 1894 at

73 1919 197 1981 hercule
216 1920 340 1980 verbera
358 1927 388 1980 et
406 1937 510 1980 necem
529 1922 645 1980 cunctis
664 1921 804 1997 permitti.
844 1918 996 1984 Tiberium
1015 1921 1085 1981 olim

74 2011 194 2069 nomine
204 2007 331 2086 Augusti
344 2007 490 2069 desideria
504 2007 653 2087 legionum
667 2008 806 2068 frustrari
819 2008 952 2070 solitum:
967 2010 1084 2071 easdem

75 2104 155 2157 artes
170 2096 299 2156 Drusum
317 2097 478 2157 rettulisse.
506 2114 706 2176 numquamne
726 2096 762 2157 ad
781 2114 813 2158 se
832 2099 890 2157 nisi
908 2097 985 2158 lilios
1003 2098 1084 2158 lami·
1099 2117 1125 2157 ro

75 2185 182 2245 liarum
196 2182 359 2245 venturos?
371 2202 481 2246 norum
494 2184 524 2245 id
538 2185 625 2264 plane
639 2184 719 2264 quod
732 2187 893 2265 imperator
907 2186 969 2246 sola
983 2187 1085 2247 militis

76 2271 230 2333 commoda
249 2273 284 2333 ad
304 2281 439 2334 senatum
458 2276 569 2334 reiciat.
598 2274 726 2335 eundem
745 2291 815 2352 ergo
830 2282 965 2335 senatum
979 2292 1085 2335 consu-

76 2360 205 2440 lendum,
220 2363 357 2439 quotiens
372 2362 516 2440 supplicia
530 2370 581 2423 aut
590 2361 703 2441 proelia
712 2361 895 2423 indicantur:
909 2380 946 2423 an
955 2366 1085 2441 praemia

77 2449 133 2510 sub
148 2449 287 2529 dominis,
306 2467 416 2527 poenas
431 2453 495 2511 sine
509 2450 622 2510 arbitro
637 2447 723 2510 esse?

144 2534 195 2597 27
214 2536 367 2598 Postremo
382 2538 525 2599 deserunt
539 2537 682 2617 tribunal,
700 2545 734 2599 ut
748 2541 816 2617 quis
829 2540 1085 2616 praetorianorum

76 2625 205 2685 militnm
220 2627 418 2687 amicorumve
432 2626 567 2687 Caesaris
581 2584 762 2706 oecurleret,
777 2644 881 2687 manus
896 2629 1085 2730 intentantes,

78 2728 198 2770 causam
216 2712 379 2773 discordiae
399 2723 430 2774 et
446 2716 565 2773 initium
582 2731 745 2794 armorum,
765 2707 891 2775 maxime
902 2698 1018 2776 lulensi
1033 2715 1084 2776 Cn.

79 2797 219 2876 Lentulo,
234 2799 334 2876 quod'
326 2817 352 2859 rs
366 2808 434 2861 ante
448 2800 521 2861 alios
536 2809 630 2862 aetate
645 2809 674 2863 et
688 2801 780 2906 gloria
795 2802 864 2864 belli
879 2804 996 2864 firmare
1011 2803 1084 2865 Dru·

78 2904 145 2946 sum
160 2885 337 2947 credebatur
352 2895 382 2948 et
396 2887 443 2948 illa
459 2889 578 2950 militiae
592 2889 700 2968 llagitia
714 2893 830 2971 primus
844 2894 1005 2970 aspernari.
1029 2909 1111 2954 neca

77 2975 170 3035 multo
194 2982 261 3052 post
280 2975 495 3054 digredientem
518 2996 586 3039 oum
609 2979 734 3040 Caesare
758 2998 791 3040 ac
814 2983 936 3059 provisu
958 2982 1085 3059 periculi

76 3063 200 3124 hiberna
215 3072 312 3125 castra
325 3073 510 3145 repetentem
524 3069 757 3148 circumsistunt,
771 3071 932 3146 rogitantes
944 3088 1003 3148 quo
1018 3087 1084 3147 per·

77 3159 174 3231 geret,
195 3151 230 3212 ad
245 3155 454 3232 imperatorem
469 3173 505 3216 au
520 3155 556 3216 ad
570 3163 683 3236 patres,
701 3164 736 3217 ut
749 3156 810 3217 illic
825 3175 943 3237 quoque
959 3175 1085 3217 eommo-

78 3241 123 3301 dis
133 3240 282 3318 legionum
293 3243 513 3326 adversaretur3
528 3243 615 3306 simul
625 3247 778 3325 ingruunt,
793 3263 861 3305 saxa
871 3247 991 3305 iaciunt.
1015 3247 1085 3306 iam·

1167 1379 1183 1405 Ο

148 3444 192 3514 25,
203 3453 219 3501 5
238 3448 301 3502 sedi
288 3448 414 3530 tulerant
402 3448 495 3518 omo
507 3457 522 3504 6
542 3449 674 3516 venissel,
695 3449 719 3504 si
736 3465 828 3517 neque
837 3449 928 3505 Retter
944 3451 948 3518 Ι
966 3457 999 3505 10
1009 3451 1046 3504 ad
1056 3469 1084 3505 se

75 3513 131 3569 nisu
123 3514 273 3586 Lipsius.
291 3518 347 3574 nisi
361 3520 399 3573 ad
413 3536 442 3575 se
458 3524 463 3590 Ι
479 3520 525 3586 at,
535 3527 550 3574 2
566 3522 724 3576 occurrerat
739 3522 868 3576 Muretus
884 3523 888 3589 Ι
905 3523 1009 3593 acum]
1022 3538 1086 3576 eum
