2408 3870
282 180 330 235 AB
349 180 510 237 Excussi]
527 179 682 236 AUGUSTI
700 179 771 236 XIII.
791 187 902 237 iti-39.
1021 182 1083 246 271

76 333 172 392 medio
188 340 300 393 sextam
314 330 460 411 legionem
474 333 637 412 constituit,
651 333 701 392 cui
715 332 806 392 accita
822 350 875 410 per
890 339 1007 393 noctem
1021 331 1086 392 aliis

76 440 112 480 ex
122 423 228 482 castris
238 423 294 481 tria
304 420 384 480 milia
394 421 589 481 tertianorum
599 421 822 500 permiscuerat,
833 438 891 481 una
902 437 970 480 cum
980 420 1085 500 aquila,

77 511 161 587 quasi
184 510 286 570 eadem
309 508 386 587 legio
405 515 599 588 spectaretur.
636 508 783 569 Tiridates
802 516 942 587 vergente
961 511 1018 568 iam
1038 508 1085 568 die

77 598 180 676 procul
199 598 324 678 adstitit,
348 597 426 658 unde
449 596 543 658 videri
565 599 658 675 magis
678 615 764 676 quam
789 597 885 658 audiri
903 603 1012 676 posset.
1045 598 1086 657 ita
1099 610 1126 650 20

76 689 139 747 sine
154 705 316 766 congressu
326 686 384 748 dux
395 685 544 746 Romanus
558 684 718 747 abscedere
733 684 855 745 militem
871 704 923 746 sua
938 702 1085 764 quemque

76 778 105 835 in
120 784 217 837 castra
230 776 321 836 iubet.

58 862 61 865 ’
141 861 193 926 39.
216 863 279 924 Rex
302 865 363 924 sive
387 861 522 923 fraudem
541 873 727 944 suspectam,
757 865 826 942 quia
844 863 928 940 plura
948 862 1036 923 simul
1054 864 1085 922 in

77 953 137 1013 loca
157 952 268 1031 ibatur,
287 953 349 1011 sive
363 957 397 1011 ut
410 958 593 1012 commeatus
611 958 730 1012 nostros
744 951 867 1013 Pontico
882 953 957 1012 mari
972 959 1001 1011 et
1015 951 1039 1010 T
1041 969 1085 1011 ra·

76 1048 200 1117 pezunte
224 1039 331 1118 oppido
355 1038 545 1099 adventantes
568 1041 774 1120 interciperet,
800 1057 928 1119 propere
951 1039 1083 1100 discedit.

76 1129 127 1188 sed
143 1146 239 1207 neque
254 1124 467 1188 commeatibus
485 1129 543 1187 vim
563 1127 660 1187 iacere
678 1130 788 1208 potuit,
809 1131 876 1207 quia
896 1146 950 1207 per
968 1135 1085 1188 montes

76 1216 260 1280 ducebantur
278 1215 433 1295 praesidiis
452 1217 562 1276 nostris
580 1216 725 1296 insessos,
744 1223 774 1276 et
792 1215 934 1297 Corbulo,
957 1233 994 1276 ne
1013 1218 1111 1276 iuri-s

77 1316 138 1369 tum
157 1305 267 1367 beilum
290 1303 458 1365 traheretur
477 1311 569 1383 utque
587 1304 742 1364 Armenios
765 1304 802 1365 ad
825 1322 878 1365 sua
901 1304 1084 1365 defendenda

76 1402 208 1474 cogeret,
228 1392 385 1455 excindere
399 1400 483 1471 parat
498 1391 629 1470 castella,
649 1391 764 1470 sibique
781 1392 858 1471 quod
873 1391 1085 1452 validissimum

76 1486 106 1544 in
134 1500 168 1544 ea
194 1483 392 1562 praefectura,
420 1488 615 1560 cognomento
639 1480 813 1562 Volandum,
841 1483 944 1560 sumit;
972 1482 1086 1540 minora

76 1570 212 1633 Cornelio
233 1570 338 1632 Flacco
359 1569 456 1648 legato
478 1577 508 1630 et
526 1568 636 1630 Insteio
655 1568 789 1647 Capitoni
813 1576 979 1629 castrorum
1001 1586 1085 1646 prae·

77 1662 153 1722 iecto
168 1659 294 1720 mandat.
322 1666 386 1720 tunt
400 1660 624 1736 circumspectis
642 1658 834 1718 munimentis
853 1665 883 1717 ot
902 1676 975 1736 quae
996 1674 1085 1734 expu·
1100 1673 1125 1711 ro

76 1750 207 1829 gnationi
220 1747 326 1809 idonea
339 1748 479 1828 provisis,
498 1745 634 1808 bortatur
652 1747 775 1826 milites,
794 1753 827 1807 ut
845 1746 961 1807 hostem
980 1763 1085 1825 vagum

76 1855 172 1917 neque
191 1838 256 1916 paci
275 1843 326 1898 aut
343 1834 455 1915 proelio
474 1844 622 1915 paratum,
645 1833 697 1895 sed
721 1835 872 1912 perfidiam
893 1842 923 1895 et
941 1836 1085 1913 ignaviam

76 1928 144 2005 suga
159 1925 349 1987 confitentem
363 1931 506 1985 exuerent
520 1923 641 1985 sedibus
656 1922 824 2002 gloriaeque
840 1925 951 2001 pariter
962 1930 991 1982 et
1001 1940 1084 2000 prae·

75 2016 130 2077 dae
148 2013 345 2077 consulerent.
382 2020 445 2074 tum
469 2012 682 2092 quadripertito
706 2013 839 2073 exercitu
862 2011 917 2072 hos
939 2013 971 2071 in
995 2020 1085 2072 testu·

76 2105 175 2166 dinem
189 2101 379 2182 conglobatos
395 2100 566 2163 subruendo
581 2100 654 2162 vallo
669 2100 797 2181 inducit,
812 2101 884 2161 alios
898 2099 991 2161 scalas
1006 2117 1084 2160 moe·
1100 2114 1124 2154 1⁵

76 2191 164 2254 nibus
186 2192 354 2268 admovere,
377 2189 487 2251 multos
510 2191 667 2252 tormentis
686 2190 766 2251 iaces
785 2197 815 2250 et
832 2189 932 2250 hastas
950 2191 1084 2250 incutere

76 2279 166 2341 iubet.
211 2278 397 2340 libritoribus
419 2277 679 2358 funditoribusque
703 2278 864 2340 attributus
887 2278 983 2357 locus,
1006 2278 1084 2339 unde

76 2369 192 2429 eminus
206 2367 327 2447 glandes
340 2374 527 2447 torquerent,
541 2384 579 2427 ne
593 2385 650 2445 qua
665 2384 734 2444 pars
749 2366 913 2427 subsidium
927 2365 1084 2427 laboranti-

76 2456 132 2518 bus
155 2457 247 2517 ferret
266 2457 332 2534 pari
352 2455 483 2533 undique
503 2462 594 2515 metu.
626 2461 726 2514 tantus
744 2453 813 2514 iude
835 2455 923 2514 ardor
944 2455 1084 2515 certantis

77 2547 226 2605 exercitus
238 2544 308 2622 luit,
326 2550 359 2603 ut
377 2544 454 2603 intra
468 2544 587 2602 tertiam
601 2541 660 2602 diei
675 2548 788 2620 partem
802 2542 905 2603 nudati
919 2558 1083 2620 propugna-
1099 2557 1125 2598 so

77 2631 193 2693 toribus
207 2632 298 2711 mirri,
312 2629 412 2691 obices
426 2635 579 2707 portarum
593 2629 737 2705 subversi,
752 2637 836 2707 capta
850 2646 976 2690 escensu
990 2631 1092 2690 muni·-

77 2727 175 2780 menta
190 2736 351 2797 omnesque
365 2716 494 2797 puberes
508 2717 647 2779 trucidati
666 2719 738 2797 sint,
757 2717 838 2778 nullo
856 2717 949 2779 milite
967 2719 1085 2798 amisso,

77 2810 180 2887 paucis
199 2806 356 2868 admodum
379 2805 548 2867 vulneratis.
585 2815 615 2868 et
638 2805 746 2884 inbelle
768 2806 873 2884 vulgus
897 2806 952 2868 sub
976 2824 1084 2868 corona

77 2897 291 2977 venundatum,
310 2894 423 2974 reliqua
442 2894 550 2975 praeda
568 2893 731 2957 victoribus
750 2897 847 2956 cessit.
883 2897 948 2974 pari
967 2896 1083 2957 fortuna

76 2987 190 3065 legatus
213 3003 247 3046 ac
270 2984 438 3064 praelectus
461 2985 508 3044 usi
532 2992 613 3064 sunt,
637 2983 793 3063 tribusque
812 3002 869 3045 una
890 2984 937 3044 die
957 2983 1084 3044 castellis
1099 2997 1124 3041 25

76 3076 252 3155 expugnatis
271 3081 369 3135 cetera
387 3080 503 3134 terrore
522 3082 551 3135 et
570 3073 624 3133 alia
644 3080 749 3152 sponte
768 3072 932 3135 incolarum
952 3074 982 3132 in
1005 3072 1084 3133 dedi·

76 3167 187 3226 tionem
208 3162 372 3224 veniebant.
408 3161 486 3222 unde
507 3169 571 3222 orta
593 3162 699 3223 fiducia
721 3169 810 3241 caput
830 3163 927 3241 gentis
948 3160 1084 3221 Artaxata

76 3252 274 3333 adgrediendi,
298 3269 353 3312 nec
367 3258 464 3311 tamen
480 3252 615 3329 proximo
625 3253 731 3312 itinere
742 3250 846 3312 ductae
856 3250 995 3329 legiones,
1011 3267 1084 3329 quae

148 3457 193 3527 ill,
214 3464 247 3514 ts
265 3460 343 3513 metu
361 3457 488 3528 Ia'pst'us:
507 3459 594 3524 motu,
613 3458 647 3526 of.
671 3456 769 3513 Wurm
786 3457 817 3512 in
833 3457 1061 3523 Pottot.25,101
1078 3457 1081 3530 l

77 3532 111 3582 20
130 3527 243 3584 nudatis
260 3532 264 3600 l
281 3537 314 3586 tv
334 3529 410 3599 cepti
428 3534 444 3585 1
464 3546 498 3585 m.
518 3525 619 3598 eapitis
638 3544 705 3586 corr.
