2392 3876
109 148 172 212 146
454 145 623 201 conunnn
639 145 760 211 raom
863 112 866 116 ’

108 297 180 358 lium
195 296 341 370 memoria
352 303 510 375 vatumque
524 294 714 375 carminibus
733 295 785 367 aed
799 292 968 367 Macedonis
981 294 1131 378 Philippi,

81 400 177 448 scum
201 404 261 465 quo
283 384 458 463 bellassent,
481 386 570 459 armis
594 383 767 463 ademptum
787 401 821 445 ac
843 390 912 461 post
933 382 965 456 C,
984 381 1130 458 Caesaris

109 483 139 535 et
157 473 194 534 M.
209 474 329 535 Antonii
348 475 498 548 sententia
512 472 669 547 reddituum
706 479 809 546 centra
827 470 968 545 Messenii
987 480 1128 545 vetantem

109 565 187 626 iuter
211 561 347 625 Herculis
374 568 509 640 posteros
537 561 713 641 divisionem
734 559 934 638 Peloponnesi
957 561 1129 644 protendere,

110 669 222 731 suoque
244 653 307 728 regi
321 649 535 724 Denthaliatem
554 667 671 729 agrum,
689 650 720 723 in
739 667 799 727 quo
816 648 848 721 id
866 646 1041 730 delubrum,
1060 669 1128 723 ces·

109 742 198 821 sisse;
212 741 454 816 menimentaque
466 739 530 799 eius
544 739 590 798 rei
604 737 811 816 sculptasnuis
825 745 938 811 ethere
949 739 1127 815 priseoraa·

70 843 95 880 10
109 846 190 890 nere.
219 826 297 906 quod
312 827 455 905 silvatuno,
469 824 618 900 annalium
628 825 843 900 adtestimopia⁴
851 833 1009 906 recentem>
1018 827 1128 905 plures

53 989 56 994 ,
110 915 167 976 sibi
181 933 214 975 ac
229 912 438 991 locupletiores
451 931 531 994 esse3
549 931 648 993 neque
660 913 829 993 Philippum
847 915 991 995 petentia,
1011 916 1072 989 sed¹
1088 935 1127 978 ex

109 1022 178 1064 vcro
194 1002 346 1073 statuisse:
364 1001 450 1078 idem»
462 1003 541 1079 regis
555 1002 708 1083 Antigoni,
726 1003 807 1076 idem
823 1002 1128 1080 imuatoctshtup·

108 1090 330 1171 miiiudioium;
345 1091 389 1165 sic
398 1089 954 1172 Milesiespermissopnblicoarbitrie,
967 1099 1127 1169 postremo

108 1180 240 1240 Atidium
254 1177 410 1252 Geminum
422 1186 591 1261 praetorem
604 1178 730 1252 Achaiae
744 1180 921 1252 decrevisse·
953 1181 997 1256 ita
1014 1198 1127 1256 seeun-

70 1281 95 1321 15
110 1268 181 1340 dum
194 1266 357 1331 Messenios
376 1267 485 1343 datum,
517 1276 548 1340 et
562 1267 720 1346 Segestani
733 1268 836 1341 aedem
850 1266 978 1339 Menapis,
986 1277 1126 1342 montem

110 1355 187 1435 apud
210 1354 352 1436 Erycum,
379 1363 524 1432 vetustate
552 1355 707 1436 dilapsam,
735 1357 897 1427 restaurari
923 1356 1127 1439 postulavera,

109 1453 178 1506 nota
196 1451 394 1520 memorantes
413 1445 450 1519 de
468 1447 582 1524 origine
601 1448 667 1519 eius
684 1451 715 1504 et
732 1444 811 1518 laeta
826 1443 953 1517 Tiberio,
987 1449 1128 1524 susspepit

110 1553 211 1596 euram
226 1534 321 1606 lihons
336 1542 370 1595 ut
383 1536 631 1612 consanguineus.
656 1540 727 1605 tnnc
740 1539 881 1606 traetatae
890 1531 1126 1604 Massiliensium

109 1642 214 1702 preces
228 1623 444 1703 probatumque
458 1621 489 1683 P.
504 1622 611 1696 Rutilii
621 1621 802 1702 exemplum
819 1638 948 1700 namqtre
966 1639 1036 1693 surm
1050 1622 1125 1701 legi·

70 1725 96 1765 2⁰
110 1712 166 1773 hus
184 1711 305 1790 pulsum
323 1713 417 1771 civem
435 1709 493 1771 sihi
511 1709 668 1789 Zmyrnaei
684 1709 865 1785 addideram
899 1728 957 1788 qrro
971 1712 1038 1771 iure
1053 1709 1125 1775 vul-

110 1803 205 1861 catius
214 1798 353 1860 Moschus
362 1797 430 1873 exul
443 1799 475 1872 in
484 1797 682 1874 Massilienses
696 1806 836 1877 receptus
849 1796 993 1871 honasna
1007 1801 1055 1872 rei
1068 1817 1126 1878 pn-

110 1888 204 1950 blicae
219 1904 322 1948 eorum
336 1893 370 1962 ut
383 1888 496 1964 patriae
511 1886 680 1966 reliquerat
771 1886 773 1891 ’

171 1973 223 2036 44.
242 1974 350 2035 Obiere
369 1993 404 2047 eo
423 1992 498 2035 auno
519 1977 576 2049 viri
598 1974 713 2048 nobiles
731 1975 782 2048 Cn.
801 1974 949 2046 Lentulus„
969 1983 1006 2046 ti.
1017 1973 1051 2049 h.
1065 1975 1124 2049 Do·

109 2065 219 2124 mitius.
256 2061 380 2124 Leutrdo
404 2080 495 2140 super
518 2063 704 2138 consulatum
724 2074 754 2126 et
774 2062 968 2141 triumphalia
981 2063 1019 2136 de
1038 2063 1125 2139 (letis

110 2151 220 2230 gloriae
234 2150 331 2212 luerat
343 2150 420 2226 hene
433 2149 558 2226 tolerata
569 2159 742 2233 paupertas,
763 2153 832 2214 dein
849 2169 971 2230 regnae
990 2169 1063 2230 opes
1077 2155 1124 2215 in·

110 2246 252 2301 nocenter
279 2247 380 2317 partae
403 2246 433 2302 et
455 2240 594 2315 modeste
615 2240 740 2314 habitae.
785 2239 945 2311 Domitium
969 2239 1125 2314 decoravit

83 2336 194 2407 apater
213 2327 293 2403 civili
311 2327 388 2389 hollo
401 2329 493 2390 maris
512 2336 628 2409 potens,
646 2329 740 2403 donec
754 2329 875 2407 Antonii
888 2327 1031 2409 partibus,
1051 2347 1122 2404 mox

112 2416 245 2479 Caesaris
264 2418 449 2492 misceretur.
480 2436 552 2493 aruis
570 2416 739 2492 Phansalica
760 2420 831 2490 acie
841 2435 905 2496 pro>
918 2416 1127 2496 optumatibus

111 2507 267 2568 ceciderat.
299 2508 362 2585 ipse
378 2503 522 2587 delectus,
542 2509 591 2581 cui
608 2509 705 2582 minor
719 2507 858 2587 Antonia,
877 2503 998 2567 Octavia
1012 2507 1123 2587 penita,

110 2596 141 2655 in
160 2597 382 2669 matrimonium
400 2595 532 2676 daretur,
555 2603 624 2674 post
641 2597 774 2671 exepdtu
791 2594 902 2656 ssnmen
919 2593 1019 2667 hildim
1040 2602 1123 2667 tran·

111 2683 234 2764 scandit,
242 2681 523 2764 louginspenetrata
533 2683 697 2764 Germania,
708 2701 795 2763 quam
805 2685 962 2762 queisquam
976 2683 1124 2762 priorum,

70 2785 97 2825 10
110 2787 219 2848 easque
238 2769 276 2831 oh
295 2790 343 2833 res
361 2774 488 2852 insignia
501 2772 645 2851 triumphi
658 2773 783 2851 adeptus
797 2780 850 2835 est.
886 2770 959 2841 ohiit
973 2777 1002 2830 et
1016 2769 1049 2843 L.
1063 2770 1124 2832 An·

110 2860 223 2936 tonius,
237 2858 330 2920 multa
343 2859 518 2922 claritudine
533 2863 664 2941 generis,
679 2860 731 2934 sed
745 2863 926 2939 inprospera.
954 2876 1023 2925 nam
1035 2865 1124 2937 patre

111 2948 175 3007 eius
193 2944 256 3006 lulo
276 2946 403 3007 Antonio
424 2948 462 3008 oh
483 2949 661 3010 adulterium
683 2947 773 3009 Iuliae
796 2955 891 3009 morte
913 2949 1017 3026 punito
1040 2946 1126 3010 hune

111 3034 269 3095 admodum
278 3034 542 3116 adulescentulum,
552 3039 664 3097 sororis
673 3044 820 3118 nepotem,
830 3036 1124 3115 seposuithugustus

182 3203 228 3271 43,
243 3209 260 3260 8
274 3203 336 3275 regi
348 3203 560 3261 Denthaliatem
569 3205 741 3278 Nipperdey:
755 3204 883 3260 recident
895 3181 1031 3263 hhliatem
1050 3205 1125 3274 (regi

111 3274 320 3331 Denthaliatem
334 3276 452 3357 priores)
473 3277 477 3342 l
500 3281 532 3330 10
551 3274 749 3345 annaliumque
768 3276 890 3343 Maesti,
909 3279 959 3332 aut
977 3274 1124 3330 annalium

111 3346 237 3402 Heraeus
257 3352 261 3414 l
284 3353 315 3402 11
335 3344 504 3417 impotentia
521 3346 639 3418 Madvip
658 3349 663 3416 l
686 3353 718 3402 16
737 3346 889 3416 delapsam,
913 3363 961 3411 era.
979 3347 1095 3414 Ernesti
1117 3347 1121 3419 l

111 3417 157 3483 44,
176 3422 192 3470 2
212 3416 328 3487 degetes
344 3421 348 3488 Ι
364 3425 381 3473 4
398 3417 496 3488 partae
514 3416 641 3488 Iapetus:
659 3419 776 3488 paratae
792 3420 797 3468 1
818 3417 969 3473 'delectus
990 3417 1126 3479 ”intereat

111 3486 236 3541 deiectus
253 3492 257 3559 Ι
275 3494 307 3542 12
325 3487 386 3544 Iulo
404 3489 529 3558 Lipsiae
547 3487 617 3543 iulio
