2392 3876
265 195 314 250 AB
331 192 491 249 Excusso
508 191 665 249 AUGUSTI
682 192 740 248 XII.
761 199 874 250 ato-54.
996 192 1062 256 243

54 347 134 406 niani
153 342 292 405 Camillus
310 361 390 403 arma
408 361 462 422 per
480 342 651 403 Delmatiam
675 350 819 423 moverat3
842 342 931 419 idque
950 341 987 402 ad
1006 341 1089 402 cle-5

54 435 195 494 mentiam
209 430 344 493 trahebat
357 431 473 512 Caesar,
488 431 566 510 quod
582 433 705 510 stirpem
719 430 857 491 hostilem
871 431 979 490 iterum
994 447 1062 490 con·

55 529 193 583 servaret.
226 537 323 599 neque
341 527 445 580 tamen
459 518 538 580 exuli
556 518 642 598 longa
661 518 783 598 posthac
801 521 861 580 vita
879 519 948 579 fuit:
967 525 1062 578 morte

54 612 176 672 fortuita
190 627 227 670 an
240 627 295 688 per
308 626 454 670 venenum
469 610 618 669 extinctus
633 615 725 687 esset,
740 616 774 668 ut
788 610 914 687 quisque
928 606 1063 687 credidit,

55 691 218 778 vulgavere.
256 697 292 758 de
311 698 525 758 mathematicis
544 695 625 757 ltalia
645 695 790 775 pellendis
812 697 921 757 lactum
943 702 1062 756 senatus

55 787 223 848 consultum
233 793 315 846 atrox
327 794 357 846 et
366 787 497 846 inritum.
521 785 631 846 laudati
641 784 748 846 dehinc
763 787 896 845 oratione
911 785 1063 864 principis,
1077 798 1103 837 1o

55 879 106 955 qui
120 875 158 936 ob
173 876 324 952 angustias
338 873 496 934 familiares
511 873 615 934 ordine
630 876 778 934 senatorio
792 883 898 953 sponte
914 872 1063 953 cederent,

55 966 199 1043 motique,
221 964 273 1040 qui
291 962 470 1021 remanendo
491 961 694 1040 inpudentiam
715 963 883 1042 paupertati
903 961 1063 1022 adicerent.

122 1049 173 1112 53.
188 1050 268 1110 lnter
283 1067 358 1128 quae
372 1049 464 1110 relert
477 1049 514 1110 ad
527 1058 627 1128 patres
637 1050 672 1110 de
684 1069 778 1130 poena
789 1051 973 1130 feminarum,
989 1067 1064 1128 quae

56 1140 150 1200 servis
164 1141 430 1217 coniungerentur5
449 1140 661 1216 statuiturque,
680 1147 714 1199 ut
732 1141 835 1216 ignaro
850 1139 968 1200 domino
983 1138 1018 1199 ad
1033 1138 1064 1199 id

55 1228 209 1308 prolapsae
229 1229 261 1286 in
282 1227 438 1306 servitute,
459 1228 506 1287 sin
527 1229 739 1307 consensisset,
763 1245 817 1305 pro
840 1225 955 1288 libertis
976 1226 1064 1287 habe·

56 1325 168 1377 rentur.
205 1314 341 1394 Pallanti,
365 1331 454 1393 quem
476 1321 659 1393 repertorem
679 1316 744 1375 eius
762 1315 913 1375 relationis
932 1314 1065 1375 ediderat

56 1404 175 1483 Caesar,
198 1405 346 1482 praetoria
369 1404 496 1481 insignia
520 1411 549 1463 et
568 1405 701 1463 centiens
720 1405 936 1482 quinquagiens
956 1409 1091 1462 sesters

57 1495 131 1553 tium
154 1493 272 1552 censuit
294 1491 398 1552 consul
416 1491 587 1569 designatus
606 1489 698 1551 Barea
717 1490 858 1552 Soranus.
893 1490 1026 1551 additum
1048 1509 1064 1551 a

58 1581 195 1659 Scipione
214 1579 350 1640 Cornelio
368 1586 467 1658 grates
486 1578 604 1659 publice
624 1578 764 1660 agendas,
783 1579 862 1657 quod
877 1579 998 1657 regibus
1012 1578 1065 1638 Ar·

57 1670 157 1729 cadiae
176 1676 260 1728 ortus
278 1670 466 1728 veterrimam
486 1667 669 1728 nobilitatem
688 1669 757 1728 usui
769 1666 888 1747 publico
907 1675 1065 1746 postpone·

57 1766 103 1817 ret
121 1775 212 1835 seque
230 1758 310 1816 inter
332 1758 483 1817 ministros
507 1758 650 1835 principis
668 1755 772 1816 baberi
791 1758 910 1817 sineret.
947 1755 1065 1816 adseve·
1125 1823 1127 1827 ,

57 1848 132 1906 ravit
154 1844 293 1906 Claudius
321 1852 494 1906 contentum
516 1845 629 1906 honore
652 1844 812 1906 Pallantem
834 1846 912 1906 intra
935 1846 1065 1923 priorem
1080 1860 1105 1901 to

57 1941 260 2014 paupertatem
285 1932 455 1994 subsistere.
493 1940 523 1994 et
546 1934 637 1994 ssxrrm
656 1941 701 1994 est
720 1951 787 1994 aere
806 1932 925 2012 publico
945 1940 1065 1994 senatus

57 2021 237 2102 consultum,
258 2040 315 2101 quo
334 2021 491 2083 libertinus
505 2024 636 2084 sestertii
649 2029 696 2082 ter
710 2021 827 2083 miliens
841 2040 995 2101 possessor
1014 2040 1065 2083 an-

56 2115 156 2192 tiquae
170 2113 367 2191 parsimoniae
381 2111 519 2172 laudibus
533 2110 746 2174 cumulabatur.

123 2197 174 2261 54.
193 2200 231 2260 lt
249 2217 308 2260 non
327 2200 418 2260 irater
433 2202 505 2281 eius,
524 2208 719 2279 cognomento
734 2199 829 2281 Felix,
848 2203 914 2278 pari
933 2200 1066 2261 modera-

57 2291 136 2348 tione
156 2287 271 2368 agebat,
291 2288 482 2367 iampridem
501 2287 623 2349 ludaeae
643 2290 789 2367 inpositus
809 2296 838 2349 et
857 2298 964 2349 cuncta
978 2289 1065 2349 male-

57 2377 132 2437 facta
151 2375 209 2437 sibi
227 2377 337 2454 inpune
357 2384 439 2438 ratus
457 2385 539 2437 tanta
562 2378 693 2455 potentia
717 2376 851 2437 subnixo.
889 2395 959 2436 sane
982 2395 1065 2454 prae-

57 2467 183 2526 buerant
196 2464 298 2525 ludaei
312 2467 440 2543 speciem
455 2472 554 2524 motus
568 2472 632 2524 orta
647 2463 805 2545 seditione,
823 2472 981 2543 postquam
995 2463 1065 2505 ***

58 2555 175 2630 cognita
188 2553 278 2612 caede
293 2554 357 2612 eius
372 2551 449 2611 baud
465 2551 700 2630 obtemperatum
710 2560 797 2633 esset,
812 2550 948 2611 manebat
960 2559 1065 2633 metus,
1092 2567 1105 2607 s

57 2659 94 2700 ne
115 2642 181 2718 quis
200 2641 369 2718 principum
387 2639 489 2700 eadem
507 2641 699 2718 imperitaret.
738 2648 826 2718 atque
845 2641 965 2700 interim
984 2639 1066 2700 Felix

57 2729 272 2807 intempestivis
287 2726 426 2787 remediis
445 2727 551 2788 delicta
571 2726 762 2808 accendebat,
781 2726 895 2788 aemulo
915 2728 950 2788 ad
970 2728 1066 2790 deter-

57 2819 131 2877 rima
150 2814 285 2876 Ventidio
304 2815 448 2897 Cumano,
471 2817 520 2877 cui
542 2834 612 2895 pars
634 2817 803 2895 provinciae
827 2815 1002 2899 habebatur,
1025 2821 1066 2878 ita
1147 2887 1150 2894 ,

57 2906 173 2984 divisis,
187 2913 220 2966 ut
235 2904 304 2965 huic
319 2903 515 2966 Galilaeorum
530 2908 622 2986 natio,
637 2903 728 2965 Felici
743 2904 1066 2987 Samaritae'parerent,

57 2994 209 3056 discordes
228 2993 297 3054 olim
316 3001 346 3054 et
363 3001 427 3054 tum
445 3002 617 3074 contemptu
636 2995 802 3072 regentium
817 2996 915 3056 minus
930 2998 1066 3056 coercitis
1081 3010 1106 3050 ιο

127 3183 173 3251 bl,
193 3189 209 3238 9
228 3181 322 3253 Italia]
341 3183 383 3236 ita
407 3185 411 3251 Ι
436 3180 517 3250 bibe
540 3182 684 3253 prolapso,
713 3198 761 3238 em.
779 3183 913 3238 Heinsius
929 3186 933 3253 l
950 3189 982 3237 11
1003 3199 1066 3237 aere

56 3273 107 3311 om.
126 3256 158 3310 in
176 3256 279 3310 locum
291 3255 380 3324 suppl.
395 3255 427 3309 in
443 3270 529 3324 marq.
544 3257 606 3310 m.2
622 3263 626 3322 ι
642 3253 687 3320 54,
703 3253 892 3323 dpatientia}
909 3260 925 3308 4
940 3255 1066 3310 lacunam

57 3327 152 3381 Haase
171 3343 205 3381 ex
224 3326 261 3379 H.
282 3328 308 3394 5,
328 3331 345 3381 9
363 3327 403 3381 cic
420 3326 568 3395 suppleuit:
592 3325 743 3394 postquam
762 3325 793 3396 [a
811 3323 839 3380 O.
860 3323 978 3379 Cessare
997 3324 1066 3378 iussi

57 3397 138 3451 erant
156 3395 277 3466 effigiem
296 3395 355 3451 eius
374 3395 405 3449 in
423 3395 529 3465 templo
546 3394 653 3462 locare;
673 3397 703 3450 et
715 3395 899 3468 quamquam]
914 3394 1028 3464 cognita
1042 3412 1064 3450 c.

59 3470 62 3539 l
85 3475 101 3524 8
120 3465 243 3523 Cumano
269 3484 318 3523 om.
337 3470 369 3522 in
388 3468 489 3523 lacuna
507 3468 595 3538 suppl.
617 3468 647 3522 in
664 3483 749 3538 morp.
767 3470 804 3537 19
825 3465 932 3521 diuisae
951 3467 994 3523 Jo.
1013 3465 1063 3522 Fr.

59 3538 232 3608 Gronovius!
251 3544 283 3593 10
302 3537 473 3608 contemptuj

797 3628 851 3683 16*
