2408 3870
115 164 177 230 148
457 165 628 222 CORNELII
646 166 769 223 ΤΔΟΙΤΙ

73 331 98 372 15
112 315 182 375 illuc
204 321 341 393 parentes
360 322 389 375 et
408 317 549 394 coniuges
563 315 751 377 ostentabant
764 315 932 396 bellumque
947 319 1130 397 impeditum

112 403 237 464 arduum
252 412 409 465 cruentum
424 404 644 465 minitabantur.

178 490 229 552 47.
253 492 290 553 At
314 492 453 574 Sabinus,
477 493 571 553 donec
594 494 743 553 exereitus
766 494 910 554 inunum
933 494 1130 575 conduceret,

112 580 189 642 datis
206 581 329 642 mitibus
346 583 512 661 responsis,
530 590 687 659 postquam
699 580 881 660 Pomponius
894 580 992 641 Labeo
1015 582 1129 644 ebloe·

112 671 155 730 sia
169 687 237 730 cum
256 668 384 748 legione,
402 687 455 728 rex
469 668 692 730 Rhoemetalces
706 687 775 731 cum
789 668 905 730 auxiliis
925 669 1129 751 popularium,

112 760 164 837 qni
177 757 266 817 tidem
280 775 339 817 non
353 763 546 837 mutaverant,
565 775 682 837 venere,
703 757 800 818 addita
813 759 965 836 praesenti
983 761 1072 838 copia
1093 761 1128 821 ad

85 845 227 906 chostem
241 847 350 926 pergit,
365 847 562 923 compositum
575 847 632 905 iam
647 862 701 923 per
719 847 870 924 angustias
884 845 1023 908 saltuum.
1063 851 1129 926 qui-

113 934 180 994 dam
199 933 356 994 audentius
374 935 485 1012 apertis
504 935 536 994 in
554 933 679 994 collibus
697 934 881 1015 visebantur,
904 952 978 1013 quos
993 935 1053 997 dux
1071 936 1129 996 Ro-

112 1039 217 1082 manus
232 1023 294 1081 acie
313 1039 490 1099 suggressus
508 1021 585 1082 baud
605 1040 692 1100 aegre
711 1021 837 1103 pepulit,
857 1024 1001 1102 sanguine
1021 1023 1129 1085 barba-

112 1127 216 1170 rorum
237 1109 353 1170 modico
377 1109 415 1171 ob
436 1112 602 1189 propinqua
627 1110 760 1188 sullugia.
796 1129 865 1172 mox
884 1113 989 1171 castris
1008 1113 1041 1172 in
1061 1112 1129 1175 loco

113 1199 302 1260 communitis
312 1198 406 1259 valida
415 1213 504 1260 manu
513 1207 644 1259 montem
654 1207 788 1279 occupat,
801 1207 959 1277 angustum
969 1206 999 1259 et
1010 1203 1130 1280 aequali

73 1305 99 1346 ro
113 1286 201 1347 dorso
216 1288 389 1348 continuum
403 1305 497 1366 usque
512 1287 547 1348 ad
562 1289 729 1365 proximum
744 1287 909 1368 castellum,
925 1287 1003 1366 quod
1019 1307 1130 1368 magna

113 1377 158 1436 vis
171 1383 282 1436 armata
296 1384 347 1438 aut
360 1376 511 1437 incondita
524 1375 671 1437 tuebatur.
699 1375 787 1437 simul
801 1378 832 1436 in
846 1376 1059 1454 ferocissimos,
1076 1381 1130 1458 qui

113 1473 180 1526 ante
195 1463 302 1526 vallum
317 1483 399 1526 more
418 1467 515 1544 gentis
529 1483 597 1526 cum
611 1463 792 1525 carminibus
807 1472 837 1524 et
851 1464 990 1542 tripudiis
1009 1468 1129 1544 persul-

112 1553 221 1634 tabant,
236 1557 327 1615 mittit
341 1554 472 1615 delectos
486 1554 714 1632 sagittariorum.
746 1554 768 1614 ii
786 1553 856 1613 dum
874 1555 991 1613 eminus
1011 1571 1128 1632 grassa-

113 1641 233 1723 bantur,
255 1643 361 1704 crehra
379 1652 409 1703 et
427 1641 520 1704 inulta
537 1641 659 1703 vulnera
677 1642 788 1703 iecere:
809 1643 933 1720 propius
951 1642 1129 1704 incedentes

74 1749 99 1788 15
114 1734 269 1810 eruptione
292 1730 390 1792 subita
416 1730 529 1791 turbati
551 1737 621 1790 sunt
647 1731 819 1808 receptique
848 1728 981 1790 subsidio
1002 1729 1128 1809 Sugam-

113 1820 184 1880 brae
199 1819 343 1899 cohortis,
358 1836 445 1897 quam
459 1816 608 1879 Romanus
622 1824 789 1896 promptam
803 1817 840 1878 ad
853 1817 986 1895 perloula
1000 1835 1059 1880 nec
1073 1823 1128 1880 mi-

113 1926 170 1968 nus
190 1915 329 1968 cantuum
349 1914 379 1965 et
397 1923 546 1965 armmnm
565 1906 694 1967 tumultu
712 1914 828 1966 trucem
851 1904 929 1966 haud
952 1907 1061 1984 procul
1084 1911 1127 1968 in-

114 2002 286 2056 struxerat.

180 2080 231 2143 48.
264 2079 417 2142 Translata
443 2080 551 2141 dehinc
579 2090 676 2142 castra
703 2082 818 2143 bostem
845 2089 981 2161 propter,
1011 2083 1127 2144 relictis

115 2170 191 2250 apud
206 2172 307 2248 priora
320 2171 502 2245 munimenta
516 2169 710 2250 Thraecibus,
732 2189 806 2249 quos
820 2170 906 2231 nobis
920 2170 1051 2232 adfuisse
1067 2190 1127 2232 me-

113 2261 234 2319 moravi.
262 2260 358 2337 iisque
376 2259 555 2336 permissum
573 2266 700 2338 vastare,
724 2275 825 2338 urere,
847 2258 967 2320 trahere
991 2260 1127 2340 praedas,

115 2348 185 2407 datm
203 2346 352 2426 populatio
371 2345 468 2406 lucem
490 2348 568 2406 intra
586 2348 742 2412 sisteretur
765 2352 943 2426 noctemque
966 2349 996 2406 in
1018 2351 1127 2410 castris

88 2468 101 2508 5
115 2444 208 2497 tutam
223 2444 253 2496 et
268 2434 384 2515 vigilem
398 2442 595 2513 capesserent.
627 2434 658 2495 id
672 2437 768 2512 primo
782 2443 945 2496 servatum:
964 2453 1032 2496 mox
1048 2440 1127 2498 versi

114 2527 146 2586 in
160 2525 262 2587 luxum
276 2532 307 2586 et
325 2525 418 2602 raptis
436 2522 571 2602 opulenti
588 2525 724 2584 omittere
743 2525 898 2604 stationes,
918 2523 1037 2584 lascivia
1057 2543 1127 2603 epu·

115 2614 210 2675 larum
229 2623 279 2675 aut
298 2630 400 2674 somno
419 2619 450 2673 et
467 2613 535 2673 vino
552 2611 757 2690 procumbere.
789 2613 881 2689 igitur
894 2611 996 2672 hostes
1010 2614 1127 2674 incuria

116 2720 219 2762 eorum
240 2710 381 2780 conperta
403 2701 461 2762 duo
483 2702 599 2779 agmina
619 2707 733 2782 parant,
753 2717 880 2779 quorum
893 2699 985 2760 altero
1004 2701 1127 2780 popula-

115 2796 196 2848 tores
210 2790 429 2870 invaderentur,
444 2789 493 2851 alii
508 2798 604 2850 castra
618 2788 748 2849 Romana
762 2788 975 2869 adpugnarent,
997 2806 1058 2850 non
1074 2809 1127 2869 spo

76 2910 102 2950 10
116 2877 264 2957 capiendi,
279 2877 331 2937 sed
346 2885 379 2937 ut
393 2877 536 2958 elamore,
553 2876 621 2938 tells
635 2895 689 2938 suo
704 2879 831 2956 quisque
844 2876 978 2956 periculo
993 2879 1127 2940 intentus

116 2982 253 3026 sonorem
268 2964 389 3025 alterius
408 2965 513 3043 proelii
527 2982 586 3025 non
600 2967 757 3044 acciperet.
785 2965 926 3027 tenebrae
939 2967 1063 3046 insuper
1078 2968 1127 3028 de-

116 3056 208 3116 lectae
224 3048 391 3132 ¹augendam
409 3053 445 3114 ad
465 3052 662 3126 formidinem.
700 3053 752 3114 sed
775 3057 828 3133 qui
849 3053 957 3116 vallum
976 3054 1127 3134 legionum

116 3142 308 3223 temptabant,
327 3139 411 3201 lacile
430 3140 594 3221 pelluntur;
608 3140 774 3203 Thraecum
789 3142 896 3205 auxilia
911 3147 1068 3222 repentino
1083 3147 1126 3204 in-

116 3250 208 3294 eursu
222 3233 341 3310 territa,
361 3248 428 3290 cum
447 3247 516 3307 pars
529 3230 745 3311 mun-itionibus
759 3231 940 3313 adiacerent,
961 3231 1063 3311 plures
1078 3252 1126 3294 ex-

187 3437 232 3504 47,
255 3443 267 3491 1
296 3436 498 3491 conduceretur
515 3438 585 3491 ocul.
611 3429 733 3494 Pieheu'a
748 3439 784 3507 12
804 3439 953 3507 postquam
973 3455 1126 3495 ..venere

117 3505 179 3562 Jao.
193 3506 359 3563 Gronovius:
374 3523 459 3575 quam
470 3548 476 3562 .
488 3547 494 3560 .
504 3506 599 3562 uenire
615 3511 620 3578 Ι
638 3515 668 3563 11
685 3511 745 3564 aut:
761 3508 958 3576 atRheuouus,
972 3525 996 3565 o.
1007 3511 1127 3576 ad1,16
