2392 3876
269 187 318 241 AB
337 185 498 243 EXCESSU
514 185 671 242 AUGUSTI
687 187 745 242 XII.
766 194 879 243 63-68.
1001 187 1066 252 249

58 355 176 398 cessore
205 336 318 399 nullum
344 338 473 416 principi
500 345 624 398 metum:
652 343 682 397 at
709 354 852 397 novercae
876 336 992 398 insidiis
1016 337 1065 398 do·
1081 353 1109 393 1o

58 444 139 486 mum
159 444 274 487 omnem
294 425 430 505 convelli,
448 427 559 485 maiore
578 424 700 504 flagitio,
720 443 807 504 quam
823 427 848 485 si
862 425 1066 504 inpudicitiam

58 513 168 594 prioris
187 517 320 592 coniugis
335 516 513 574 reticuisset.
541 531 717 593 quamquam
732 532 769 574 ne
784 513 987 592 inpudicitiam
1003 518 1067 593 qui-

59 606 126 665 dem
144 622 223 664 nunc
242 603 345 664 abesse
364 603 493 663 Pallante
517 601 664 682 adultero,
688 620 725 662 ne
744 604 810 680 quis
829 601 957 680 ambigat
976 602 1067 663 decus

58 692 202 772 pudorem
226 710 347 772 corpuS,
371 699 476 752 cuncta
501 709 592 769 regno
613 690 715 751 viliora
733 690 851 751 habere.
888 691 960 751 baec
979 700 1067 770 atque

58 780 126 842 talia
142 781 281 842 dictitans
295 779 432 858 amplecti
447 779 662 860 Britannicum,
681 779 773 839 robur
787 781 891 840 aetatis
906 797 993 858 qnam
1008 798 1066 841 ma·
1082 794 1108 836 15

58 872 218 932 turrimum
240 870 369 948 precari,
393 867 479 927 modo
502 867 537 927 ad
561 867 646 949 deos,
669 868 809 928 modoad
829 871 926 947 ipsum
946 869 1068 929 tendere

59 976 177 1037 manus,
196 955 391 1035 adolesceret,
409 957 503 1034 patris
520 957 656 1017 inimicos
671 956 844 1038 depelleret,
863 959 965 1018 matris
980 960 1069 1018 etiarn

59 1047 267 1106 interfectores
281 1044 485 1105 ulcisceretur.

127 1131 178 1194 66.
196 1133 229 1192 ln
244 1139 324 1192 tanta
339 1132 414 1192 mole
429 1150 568 1192 curarum
582 1131 748 1194 valetudine
763 1133 885 1217 adversa
899 1136 1069 1215 corripitur,

60 1221 287 1300 refovendisque
310 1221 424 1281 viribus
448 1220 570 1280 mollitia
593 1220 666 1280 caeli
685 1230 714 1281 et
734 1221 906 1282 salubritate
926 1241 1069 1301 aquarum

61 1312 232 1372 Sinuessam
246 1311 351 1388 pergit.
384 1318 448 1370 tum
462 1310 622 1388 Agrippina
627 1308 776 1389 ,sceleris
796 1310 864 1370 olim
880 1319 960 1371 certa
975 1319 1005 1371 et
1019 1311 1068 1371 ob·

61 1399 135 1460 latae
155 1400 318 1460 occasionis
336 1416 462 1478 propera
482 1415 537 1458 nec
556 1398 759 1458 ministrorum
778 1415 881 1477 egens,
905 1398 941 1457 de
961 1414 1068 1475 genere

61 1489 167 1548 veneni
185 1485 373 1566 consultavit,
392 1503 429 1546 ne
449 1488 604 1565 repentino
618 1495 648 1546 et
661 1488 817 1564 praecipiti
836 1485 950 1546 lacinus
965 1487 1097 1564 prode-s

61 1585 158 1656 retur3
177 1577 203 1635 si
216 1575 328 1635 lentum
343 1583 373 1635 et
387 1574 519 1635 tabidum
533 1573 703 1654 delegisset,
722 1592 760 1634 ne
775 1573 909 1634 admotus
923 1576 1070 1652 supremis

62 1664 201 1726 Claudius
216 1671 245 1723 et
264 1662 329 1723 dolo
350 1663 499 1724 intellecto
519 1663 553 1722 ad
575 1680 703 1723 amorem
722 1662 775 1722 lilii
794 1662 912 1723 rediret.
941 1664 1069 1741 exquisi-

62 1764 126 1815 tum
143 1751 254 1831 aliquid
272 1750 418 1832 placebat,
438 1751 515 1830 quod
537 1750 670 1812 turbaret
688 1759 817 1812 mentem
832 1759 862 1811 et
877 1759 1001 1811 mortem
1016 1750 1070 1811 dil·

63 1843 161 1903 terret.
191 1840 329 1918 deligitur
347 1841 453 1901 artilex
472 1839 574 1900 talium
594 1839 734 1900 vocabulo
749 1839 890 1920 Locusta,
910 1857 1005 1918 nuper
1024 1857 1071 1898 ve·

63 1931 160 1991 nelicii
178 1929 313 1990 damnata
332 1937 362 1990 ct
380 1929 431 1991 diu
450 1930 528 1989 inter
546 1932 742 1990 instrumenta
762 1931 847 2006 regni
865 1927 972 1988 habita.
1005 1929 1069 1988 eius
1085 1947 1112 1986 ro

62 2018 195 2080 mulieris
209 2020 327 2098 ingenio
342 2026 476 2097 paratum
492 2019 586 2098 virus,
605 2019 690 2078 cuius
709 2018 845 2077 minister
859 2035 875 2077 e
890 2017 1070 2096 spadonibus

63 2110 118 2169 luit
132 2107 267 2186 Halotus,
282 2107 392 2167 inferre
408 2106 510 2185 epulas
524 2114 554 2167 et
568 2105 721 2185 explorare
737 2117 825 2185 gustu
840 2105 953 2167 solitus.

129 2194 179 2256 67.
199 2195 337 2274 Adeoque
352 2204 459 2256 cuncta
473 2213 540 2255 mox
559 2203 751 2275 pernotuere,
771 2203 804 2256 ut
823 2202 989 2273 temporum
1008 2193 1070 2254 illo·

64 2302 129 2343 rum
150 2285 309 2361 scriptores
333 2283 518 2362 prodiderint
541 2285 671 2344 inlusum
695 2282 860 2343 delectabili
883 2283 949 2343 cibo
972 2281 1071 2343 boleto

64 2389 222 2451 venenum,
250 2390 305 2431 nec
328 2373 387 2432 vim
410 2371 611 2432 medicaminis
635 2373 734 2432 statim
756 2371 949 2451 intellectam,
970 2389 1071 2431 socor-

63 2462 148 2520 diane
172 2479 208 2520 an
228 2458 343 2520 Claudii
367 2459 537 2537 vinolentia3
565 2457 653 2518 simul
676 2457 770 2518 solnta
794 2458 875 2518 alvus
899 2459 1071 2519 subvenisse

64 2548 225 2606 videbatur.
257 2548 348 2623 igitur
363 2549 503 2606 exterrita
517 2547 685 2625 Agrippina,
699 2553 729 2605 et
743 2546 859 2624 quando
874 2545 975 2606 ultima
989 2548 1071 2604 time-
1086 2561 1101 2601 5

25 2708 27 2711 ι
64 2637 185 2712 bantur,
210 2642 308 2711 spreta
323 2636 525 2712 praesentiunt
539 2632 647 2693 invidia
670 2635 817 2711 provisam
832 2637 890 2693 iarn
904 2633 960 2693 sibi
975 2632 1072 2693 Xeno·

64 2723 184 2802 phontis
207 2720 314 2781 medici
337 2722 547 2782 conscientiam
571 2719 698 2782 adhibet.
744 2719 793 2781 ille
816 2724 965 2801 tamquam
989 2723 1072 2782 nisus

64 2811 228 2871 evomentis
242 2808 407 2890 adiuvaret,
425 2812 545 2889 pinnam
564 2809 665 2887 rapido
680 2827 793 2870 veneno
808 2809 922 2871 inlitam
937 2810 1072 2872 lancibus

64 2903 129 2960 eius
148 2898 301 2959 demisisse
321 2899 466 2977 creditur,
485 2898 563 2959 haud
581 2901 703 2976 ignarus
722 2915 836 2959 summa
856 2898 967 2960 scelera
981 2901 1073 2978 incipi

63 3006 132 3050 cum
147 2986 292 3066 periculo,
306 2989 408 3066 peragi
422 3005 491 3048 cum
504 2988 643 3067 praemio.
1088 3003 1115 3044 ro

131 3074 182 3137 68.
203 3075 367 3136 Vocabatur
385 3078 504 3137 interim
523 3084 643 3137 senatus
662 3084 787 3156 votaque
802 3070 856 3156 prb
871 3076 1072 3137 incolumitate

135 3248 181 3313 (lb,
197 3252 230 3302 10
248 3248 354 3300 metum
367 3247 531 3316 Ferrarius:
550 3245 689 3314 meritum,
709 3248 744 3314 cf.
764 3247 905 3318 Madvigii
923 3247 993 3302 Ado.
1014 3247 1073 3302 crit.

64 3318 110 3384 11,
125 3322 180 3375 552
197 3322 201 3387 Ι
218 3320 248 3372 et
258 3317 453 3373 Muretoez'ad
468 3319 613 3374 obscurato
626 3317 646 3371 d
659 3319 751 3374 littera
766 3318 771 3387 Ι
789 3322 822 3372 14
839 3316 938 3370 heberi
952 3316 1073 3385 Grotius,

65 3404 127 3441 eam
150 3387 254 3443 habere
272 3388 365 3444 Ritter
380 3393 384 3456 Ι
400 3389 446 3455 bl,
465 3394 481 3440 2
500 3387 596 3442 boleto
614 3387 674 3444 Jac.
694 3389 861 3444 Gronovius:
887 3387 945 3442 leto
968 3386 1074 3455 (boleto

64 3460 124 3514 aiae
134 3457 197 3513 cibo
212 3459 319 3528 Warm)
336 3464 340 3527 t
357 3465 373 3513 3
388 3457 552 3513 socordiane
567 3474 604 3512 an
618 3458 725 3514 claudii
737 3459 783 3513 ui.
794 3475 830 3514 an
842 3457 997 3512 uinolentie
1008 3461 1072 3527 (soc.

65 3527 177 3584 Claudii
196 3546 233 3583 an
250 3529 405 3584 vinolentia
421 3529 582 3600 Rhenanus)
599 3532 635 3599 18
654 3528 788 3585 adiuuare
804 3532 809 3598 l
825 3529 870 3595 68,
888 3536 900 3583 1
921 3529 1075 3584 vacabatur
