2392 3876
122 188 186 253 326
470 184 640 240 CORNELII
657 184 778 242 ructui

122 343 236 399 nueret.
274 352 349 414 quae
368 343 402 396 ut
420 335 570 413 augendae
594 334 730 395 infamiae
754 336 930 417 composita,
953 338 998 399 sic
1022 338 1146 420 reliqua

124 443 182 486 non
197 427 228 485 in
241 423 369 485 obscuro
382 422 538 503 habentur,
553 441 611 483 una
620 423 668 484 die
678 423 872 503 quadraginta
882 425 998 486 milium
1007 430 1146 506 spatium

85 536 109 575 10
124 530 277 575 emensum
291 529 356 572 esse
370 510 506 593 Paetum,
520 511 646 572 desertis
660 513 770 590 passim
784 514 906 593 sauciis,
925 531 1024 594 neque
1039 519 1146 578 miuus

124 603 287 664 deformem
304 599 383 661 illam
402 601 578 679 fugientium
595 599 836 682 trepidationem,
855 620 944 681 quam
962 605 990 664 si
1007 611 1097 684 terga
1111 607 1145 666 in

125 693 188 754 acie
202 693 368 751 vertissent.
392 687 520 749 Corbulo
535 706 603 748 cum
618 690 680 749 suis
695 691 789 767 copiis
804 690 881 769 apud
896 692 993 770 ripam
1002 691 1144 772 Euphra·

125 783 164 841 tis
184 779 287 840 obvius
301 795 361 838 non
375 793 440 837 eam
455 777 584 855 speciem
597 777 759 855 insignium
773 785 803 838 et
817 796 968 841 armorum
985 782 1143 864 praetulit,

126 876 159 930 ut
173 868 375 930 diversitatem
388 864 590 944 exprobraret.
622 867 728 927 maesti
741 867 884 946 manipuli
897 885 932 929 ac
945 871 1044 932 vicem
1059 889 1142 932 com-

87 978 113 1020 lt
125 957 292 1018 militonum
305 956 481 1014 miserantes
490 971 528 1014 ue
538 952 667 1015 lacrimis
677 953 798 1034 quidem
807 963 987 1038 temperare3
1001 960 1052 1018 vix
1067 978 1142 1038 prae

125 1045 197 1105 fletu
216 1049 358 1120 usurpata
376 1041 577 1103 consalutatio.
613 1043 781 1104 decesserat
799 1052 950 1106 certamen
968 1046 1092 1108 virtutis
1111 1058 1142 1110 et

126 1131 246 1193 ambitio
261 1130 379 1211 gloriae,
393 1130 523 1191 felicium
537 1130 691 1192 hominum
700 1130 847 1194 adlectus:
861 1131 923 1194 sola
932 1135 1141 1198 misericordia

126 1220 252 1300 valebat,
266 1228 297 1280 et
311 1218 388 1298 apud
403 1221 533 1280 minores
547 1221 648 1297 magis.

195 1307 245 1371 lt.
264 1308 379 1369 Ducum
397 1310 476 1370 inter
495 1326 527 1369 se
546 1307 645 1369 brevis
664 1326 761 1370 sermo
776 1317 899 1373 secutus
913 1319 972 1393 est,
990 1311 1049 1374 hoc
1070 1332 1141 1374 con-

127 1406 270 1479 querente
284 1399 343 1459 iam
356 1400 481 1459 inritum
493 1396 638 1479 laborem,
656 1399 789 1477 potuisse
807 1398 918 1461 bellum
931 1400 1000 1480 luga
1014 1398 1141 1464 Partho-

127 1507 194 1550 rum
208 1488 300 1549 liniri:
315 1486 363 1547 ille
373 1489 488 1564 integra
498 1488 617 1566 utrique
628 1495 735 1547 cuncta
746 1489 913 1566 respondit:
927 1498 1142 1552 converterent

127 1576 240 1656 aquilas
263 1583 293 1637 et
316 1577 410 1636 iuncti
432 1574 606 1636 invaderent
629 1574 798 1636 Armeniam
821 1575 962 1639 abscessu
984 1577 1142 1658 Vologesis

101 1667 311 1727 sinhrmatam.
353 1682 413 1725 non
436 1682 470 1724 ea
493 1665 680 1742 imperatoris
702 1662 811 1725 hahere
834 1666 971 1727 mandata
994 1665 1141 1730 Corbulo:

127 1753 260 1834 periculo
274 1752 423 1831 legionum
438 1760 618 1813 commotum
631 1769 647 1812 e
662 1753 814 1831 provincia
833 1771 999 1836 egressum3
1018 1757 1140 1833 quaudo

127 1845 159 1904 in
168 1845 282 1904 incerto
292 1841 457 1902 habeantur
466 1839 643 1902 Parthorum
654 1849 786 1923 conatus,
797 1841 915 1903 Suriam
924 1840 1140 1922 repetiturum:

128 1935 170 1993 sic
186 1950 304 2011 quoque
323 1932 464 2009 optimam
482 1929 631 1991 lortunam
649 1930 801 2011 orandam,
820 1937 854 1992 ut
871 1931 963 2010 pedes
982 1933 1140 1995 conlectus

128 2022 231 2100 spatiis
245 2022 386 2080 itinerum
405 2018 531 2079 alacrem
551 2024 580 2078 et
599 2017 737 2079 facilitate
757 2037 929 2098 camporum
946 2023 1139 2100 praevenien-

89 2131 114 2169 ιο
128 2118 188 2170 tem
211 2109 341 2185 equitem
364 2106 585 2184 adsequeretur.
623 2108 701 2166 exim
719 2105 827 2167 Paetus
849 2126 904 2186 per
923 2108 1138 2188 Cappadociam

127 2197 305 2257 hibernavit:
324 2202 355 2255 at
367 2192 519 2271 Vologesis
538 2193 574 2253 ad
592 2193 789 2255 Corbulonem
807 2197 892 2257 missi
911 2200 1021 2278 nuntii,
1040 2198 1138 2259 detra-

126 2286 212 2346 heret
226 2281 345 2345 castella
359 2290 440 2344 trans
455 2281 627 2361 Euphraten
641 2301 830 2365 amnemque,
849 2293 883 2346 ut
902 2285 985 2366 olim,
1004 2288 1138 2348 medium

127 2376 245 2435 laceret.
282 2371 331 2433 ille
354 2372 522 2432 Armeniam
546 2390 663 2451 quoque
686 2371 813 2433 diversis
835 2375 992 2453 praesidiis
1015 2394 1137 2438 vacuam

81 2496 85 2503 ·
127 2466 192 2525 heri
206 2461 416 2542 expostulabat.
441 2468 470 2522 et
483 2469 633 2540 postremo
647 2464 795 2524 concessit
808 2480 874 2544 rex3
889 2464 1046 2545 dirutaque
1061 2483 1137 2545 quae

87 2572 113 2611 rs
127 2553 299 2633 Euphraten
314 2551 391 2613 ultra
406 2552 637 2612 communiverat
651 2550 793 2631 Corbulo,
812 2559 842 2612 et
856 2551 989 2614 Armenii
1007 2555 1071 2614 sine
1090 2572 1135 2614 ar-

128 2643 206 2705 bitro
221 2642 318 2703 relicti
332 2648 410 2702 sunt.

195 2728 244 2792 18.
262 2731 300 2791 At
318 2728 427 2792 Romae
446 2739 566 2809 tropaea
584 2729 621 2790 de
639 2727 756 2789 Parthis
775 2746 922 2808 arcusque
939 2730 1037 2790 medio
1052 2729 1136 2810 Capi-

127 2816 211 2878 tolini
234 2819 343 2878 montis
368 2817 561 2898 sistebantur,
585 2817 704 2878 decreta
726 2816 762 2878 ab
781 2824 886 2878 senatu
904 2820 1020 2898 integro
1039 2819 1136 2880 adhuc

127 2906 202 2967 bello
217 2923 313 2984 neque
327 2913 390 2966 tum
406 2909 527 2987 omissa,
541 2905 612 2967 dum
626 2906 760 2984 aspectui
773 2906 939 2968 consulitur
953 2916 1052 2986 spreta
1066 2926 1135 2968 con-

127 2997 258 3058 scientia.
282 2996 354 3074 quin
369 3001 398 3054 et
413 2993 632 3055 dissimulandis
645 3012 748 3055 rerum
761 3002 952 3057 externarum
966 2998 1046 3057 curis
1056 2995 1135 3057 Nero

100 3100 114 3141 o
128 3086 308 3148 frumentum
321 3082 416 3162 plebis
430 3089 576 3143 vetustate
591 3090 765 3161 corruptum
779 3085 811 3144 in
824 3083 957 3146 Tiberim
974 3087 1057 3166 iecit,
1076 3103 1135 3163 quo

199 3185 244 3254 lo,
265 3189 297 3239 15
316 3184 507 3252 temperauere
526 3183 562 3238 ot.
586 3184 590 3249 Ι
616 3181 661 3250 lt,
682 3188 696 3237 1
716 3185 904 3252 conquerente
921 3182 979 3237 iam
1001 3183 1135 3239 Walther:

129 3255 357 3325 conquerentium
368 3255 567 3336 §conquerente
578 3253 716 3335 Facinus)
733 3259 737 3320 Ι
754 3260 785 3309 11
802 3254 958 3335 uologeses,
972 3271 1020 3309 em.
1036 3255 1134 3335 Puteo·

129 3331 210 3383 lanus
238 3326 377 3397 (uologest
399 3327 435 3381 al.
458 3325 798 3408 ntu14m1ss1l'neto
825 3322 929 3394 minin)
954 3327 958 3388 Ι
985 3330 1018 3378 14
1042 3323 1136 3380 dnuta

127 3398 599 3594 dtetgttltitttttthlfft
617 3393 1032 3538 thuiithtttdtlht
1043 3399 1135 3535 itti:

127 3557 192 3593 eum
238 3555 330 3596 neonus
