2392 3876
267 186 315 241 AB
334 185 495 242 Excussit
512 186 668 261 AUGUSTI
685 187 706 257 1,
725 194 839 244 at-so.
1024 187 1064 251 19

57 336 215 413 accipienti
229 337 393 396 excessisse
407 336 574 412 Augustum
587 336 728 396 adfertur.
752 344 872 415 neptem
886 337 951 396 eius
961 334 1065 414 Agrip-

56 427 156 503 pinam
170 425 202 484 in
219 425 406 488 matrimonio
424 423 585 502 pluresque
604 442 640 483 ex
660 442 693 484 ea
712 423 822 484 liberos
840 422 979 503 habebat,
1001 425 1065 501 ipse

56 511 153 572 Druso
162 511 253 573 iratre
264 511 375 572 Tiberii
384 513 511 589 genitus,
521 513 672 590 Augustae
682 530 782 593 nepos,
798 520 844 572 set
852 514 957 573 anxius
968 510 1064 572 occul·

57 603 97 661 tis
110 603 141 660 in
155 618 188 660 se
200 602 299 679 patrui
312 601 453 679 aviaeque
468 599 556 678 odiis,
576 618 703 678 quorum
717 617 823 661 causae
838 603 981 679 acriores,
996 602 1064 679 quia
1078 621 1091 662 s

56 687 1065 767 iniquae.quippellrusimagnaapndpopulumRomanummenroria,

57 776 303 857 credebaturque,
317 778 343 836 si
357 794 458 836 rerum
471 779 584 854 potitus
598 777 683 857 soret,
697 776 863 838 libertatem
879 776 1065 855 redditurus3

57 865 137 925 unde
151 867 182 925 in
196 863 402 924 Germanicum
417 865 499 924 lavor
513 874 543 926 et
557 883 625 943 spes
640 865 750 927 eadem.
779 883 847 926 nam
861 867 960 925 iuveni
980 862 1065 924 civile

57 955 221 1030 ingenium,
240 955 315 1014 mira
334 954 457 1013 comitas
471 962 501 1013 et
515 954 630 1014 diversa
644 953 681 1014 ab
695 953 808 1015 Tiberii
822 971 958 1014 sermone
973 951 1065 1032 vultu,

59 1040 268 1118 adrogantibus
287 1050 316 1100 et
335 1041 479 1102 obscuris.
511 1041 691 1102 accedebant
708 1041 870 1103 muliebres
888 1042 1065 1102 oliensiones
1080 1063 1105 1101 10

59 1128 263 1193 novercalibus
272 1128 371 1190 Liviae
385 1132 417 1190 in
426 1129 618 1211 Agrippinam
633 1131 769 1212 stimulis,
784 1139 872 1211 atque
883 1133 947 1209 ipsa
963 1131 1066 1208 Agrip·

56 1220 128 1297 pina
149 1217 236 1297 paulo
255 1221 441 1298 commotior,
466 1217 526 1280 nisi
547 1219 626 1299 quod
646 1222 779 1280 castitate
800 1229 830 1280 et
847 1221 947 1279 mariti
967 1234 1066 1277 amore

58 1309 193 1387 quamvis
207 1306 384 1367 indomitum
398 1309 529 1368 animum
542 1308 574 1366 in
587 1307 699 1367 bonum
713 1307 854 1368 vertebat.

126 1391 177 1454 34.
198 1393 256 1454 Sed
270 1393 464 1453 Germanicus
478 1403 588 1472 quanto
603 1410 734 1454 summae
749 1398 812 1471 spei
830 1396 964 1472 propior,
985 1401 1066 1454 tanto

58 1483 222 1559 impensius
236 1498 290 1560 pro
305 1480 424 1540 Tiberio
439 1482 502 1540 niti.
536 1479 689 1558 Sequanos
703 1485 853 1560 proximos
868 1490 898 1540 et
911 1481 1067 1559 Belgarum

60 1572 195 1628 civitates
209 1571 240 1628 in
254 1566 344 1627 verba
357 1570 422 1626 eius
436 1567 535 1645 adigit.
562 1567 669 1628 debinc
683 1569 783 1629 audito
798 1567 946 1647 legionum
961 1567 1067 1628 tumul-

59 1666 93 1718 tu
108 1657 216 1733 raptim
229 1654 382 1732 profectus
396 1654 496 1716 obvias
506 1663 589 1716 extra
599 1664 695 1716 castra
709 1656 821 1737 habuit,
836 1657 959 1717 deiectis
969 1658 1000 1715 in
1011 1665 1068 1716 ter-

60 1763 124 1805 ram
139 1742 233 1803 oculis
248 1743 328 1803 velut
340 1746 527 1823 paenitentia.
560 1752 716 1823 postquam
731 1744 837 1805 vallum
856 1746 935 1825 iniit,
955 1744 1067 1804 dissoni
1081 1766 1094 1805 a

59 1841 184 1913 questus
207 1831 305 1892 audiri
327 1850 462 1911 coepere.
499 1841 529 1892 et
552 1833 672 1911 quidam
694 1852 802 1912 prensa
824 1850 914 1893 manu
933 1835 997 1892 eius
1016 1849 1069 1910 per

59 1924 190 2001 speciem
209 1920 400 1981 exosculandi
419 1923 611 1982 inseruerunt
629 1921 749 2002 digitos,
769 1931 803 1982 ut
820 1938 910 1982 vacua
930 1919 1069 1981 dentibus

59 2029 110 2071 ora
138 2012 339 2090 contingeret3
372 2009 422 2069 alii
449 2019 568 2071 curvata
597 2012 679 2070 senio
707 2009 839 2070 membra
866 2008 1069 2070 ostendebant.

59 2099 252 2159 adsistentem
273 2100 545 2178 contionem„quia
565 2101 711 2176 permixta
732 2098 898 2177 videbatur,
917 2097 1069 2159 discedere

59 2191 90 2248 in
109 2185 274 2264 manipulos
292 2185 387 2247 iubet:
407 2188 450 2246 sic
468 2186 575 2247 melius
589 2188 743 2247 audituros
757 2204 946 2266 responsum,
965 2184 1069 2245 vexilla
1085 2206 1110 2245 ιο

59 2274 217 2361 praeferri,
236 2282 270 2334 ut
287 2274 318 2335 id
333 2272 436 2334 saltem
451 2274 635 2335 discerneret
649 2275 798 2336 cohortes:
818 2273 901 2335 tarde
920 2273 1069 2351 obtempe-

60 2381 172 2423 ravere.
200 2369 271 2422 tuno
291 2381 307 2422 a
325 2365 514 2423 veneratione
528 2365 654 2442 Augusti
673 2381 761 2450 orsus
779 2363 861 2424 ilexit
879 2363 916 2422 ad
930 2363 1070 2422 victorias

60 2450 287 2529 triumphosque
310 2449 435 2531 Tiberii,
462 2454 630 2530 praecipuis
658 2451 795 2512 laudibus
819 2450 971 2512 celebrans
995 2467 1070 2528 quae

61 2539 139 2617 apud
163 2538 334 2600 Germanias
357 2538 416 2598 illis
439 2557 507 2599 cum
530 2538 696 2617 legionibus
718 2539 918 2619 pulcherrima
942 2538 1071 2597 iecisset,

61 2627 160 2688 ltaliae
175 2627 243 2686 inde
258 2644 449 2706 consensum,
464 2625 624 2690 Galliarum
638 2627 726 2688 iidem
741 2627 868 2707 extollit,
888 2625 930 2686 nil
946 2643 1069 2704 usquam
1085 2643 1110 2685 15

60 2714 215 2775 turbidum
229 2722 281 2773 aut
294 2714 416 2774 discors.
441 2713 559 2774 silentio
573 2714 646 2775 baec
660 2715 706 2776 vel
721 2734 873 2776 murmure
888 2714 1005 2775 modico
1020 2733 1070 2774 au-

63 2803 124 2862 dita
139 2808 217 2860 sunt.
497 2793 501 2798 ’
814 2853 817 2864 .

129 2883 180 2950 35.
202 2885 238 2948 Ut
252 2887 427 2949 seditionem
441 2892 550 2971 attigit,
570 2891 621 2952 ubi
635 2892 778 2953 modestia
793 2891 941 2971 militaris,
957 2891 1009 2952 ubi
1023 2910 1070 2951 ve·

62 2980 135 3040 teris
154 2975 326 3055 disciplinae
345 2977 450 3058 decem,
474 2996 600 3056 quonam
624 2980 773 3060 tribunos,
797 2998 856 3060 quo
880 2982 1070 3040 centuriones

61 3069 242 3146 exegissent,
261 3067 404 3147 rogitans,
424 3068 537 3127 nudant
555 3070 686 3129 universi
703 3087 841 3150 corpora,
862 3070 1016 3129 cicatrices
1035 3086 1070 3126 ex

61 3155 248 3234 vulneribus,
268 3153 424 3216 verberum
443 3164 529 3216 notas
543 3156 735 3237 exprobrant3
754 3175 822 3217 mox
837 3156 1007 3217 indiscretis
1022 3174 1071 3215 vo

60 3244 146 3306 cibus
167 3246 262 3322 pretia
285 3245 483 3325 vacationum,
502 3247 652 3324 angustias
672 3246 825 3328 stipendii,
844 3245 983 3307 domitiam
1003 3261 1097 3322 ope-s

134 3379 216 3446 ΒΜ
245 3378 281 3433 ab
304 3377 504 3462 Weissenborn:
533 3381 569 3434 nd
594 3384 598 3448 l
623 3371 704 3446 84ss2
733 3379 890 3461 Sequanos¹
904 3378 1071 3434 Beroaldus:

63 3465 149 3518 seque
164 3451 272 3507 adiecta
285 3451 396 3532 aergatq
404 3453 425 3519 'l
435 3452 504 3518 (att)
522 3466 604 3520 saepes
622 3466 677 3534 qpe
690 3467 724 3506 m.
739 3456 758 3508 2
773 3457 836 3507 teste
850 3449 957 3505 Rettero
975 3450 1071 3518 (aequo

60 3523 90 3575 et
109 3520 215 3589 Haase)
231 3522 236 3589 Ι
251 3520 297 3587 aa,
316 3526 333 3575 3
350 3537 488 3587 umuersa,
504 3537 550 3576 em.
565 3520 682 3591 Iapetus

823 3609 860 3664 2*
