2392 3876
272 175 321 228 AB
339 172 501 230 EXCESSU
518 172 675 231 AUGUSTI
691 173 763 228 XVI.
784 182 878 230 7-11.
1002 175 1065 240 361

131 322 180 388 10.
199 323 284 389 Haud
304 324 403 389 minus
421 330 558 403 prompte
577 321 609 384 L.
623 320 715 383 Vetus
733 340 897 401 socrusque
915 325 981 385 eius
999 322 1070 387 Seu·

60 417 100 474 tia
121 422 151 474 et
168 411 287 475 Pollitta
305 410 364 477 tilia
383 428 486 475 uocem
505 409 639 493 subiere,
655 412 744 472 invisi
762 413 903 490 principi,
922 420 1068 490 tamquam

60 501 184 566 virendo
204 499 418 580 exprobrarent
431 499 629 562 vinteriectum
648 517 713 563 esse
735 498 903 563 Rubellium
924 500 1069 582 Plautum,

60 609 203 669 generum
223 588 255 650 L.
270 587 392 650 Veteris.
421 588 473 651 sed
492 590 611 651 initium
630 587 810 666 detegendae
830 590 968 652 saevitiae
986 607 1069 667 prae·

60 680 125 742 buit
143 679 316 741 interversis
335 679 454 757 patroni
472 677 562 739 rebus
581 677 616 737 ad
636 677 835 761 accusandum
849 677 1070 756 transgrediens
1097 691 1112 731 ⁵

60 767 241 828 Fortunatus
256 765 391 846 libertus,
406 765 519 826 adscito
534 765 655 829 Claudio
669 765 820 847 Demiano,
835 783 922 846 mem
937 765 975 828 ob
989 765 1070 844 ssogi-

60 859 100 917 tia
123 858 256 918 vinctum
281 872 298 916 a
319 853 424 914 Vetere
446 853 532 915 Asiae
557 873 612 932 pro
638 853 759 918 consule
787 855 911 919 exsoluit
936 854 1014 917 Nero
1039 856 1071 914 in

60 946 225 1024 praemium
243 942 450 1007 accusationis.
478 942 557 1020 quod
571 941 624 1004 ubi
638 946 792 1022 cognitum
802 961 868 1024 roo,
888 961 979 1023 seque
995 950 1025 1005 et
1038 941 1071 1002 li-

61 1032 179 1092 bertum
198 1032 264 1110 pari
282 1037 364 1092 sorte
381 1031 531 1112 componi,
551 1029 724 1094 Formianos
743 1035 774 1095 in
792 1050 879 1112 agros
898 1032 1071 1111 digreditur.

60 1120 120 1183 illio
144 1137 213 1180 enm
238 1117 348 1182 milites
366 1118 482 1180 occulta
501 1119 637 1182 onstodia
655 1120 848 1184 circumdant.
884 1121 986 1183 aderat
1004 1119 1114 1199 [ilia,10

61 1227 152 1291 super
175 1210 318 1285 ingruens
340 1207 507 1287 perieulum
526 1206 614 1284 longo
632 1207 734 1269 dolore
752 1216 848 1288 atrox,
872 1228 908 1268 ex
927 1227 986 1287 qrro
1006 1225 1071 1286 per·

61 1314 200 1360 russores
218 1294 315 1359 Plauti
338 1295 438 1355 mariti
461 1296 508 1355 sui
531 1293 658 1374 viderat,
686 1303 899 1373 cruentamque
927 1297 1072 1356 cervicem

62 1387 126 1446 eius
140 1382 273 1461 amplexa
291 1381 427 1442 servabat
446 1383 619 1460 sanguinem
638 1389 668 1441 et
687 1389 784 1441 restes
802 1400 968 1463 respersas,
986 1383 1073 1443 vidua

61 1477 167 1552 inpexa
185 1471 269 1533 luotu
289 1471 430 1533 continuo
448 1487 505 1531 nee
523 1468 593 1529 ullis
611 1468 758 1532 alimentis
777 1471 836 1530 nisi
854 1487 929 1547 qnae
948 1482 1073 1531 mortem

62 1567 206 1622 arcerent
235 1565 300 1618 tum
313 1557 451 1618 hortante
465 1564 550 1635 patre
564 1555 716 1634 Neapolim
731 1557 836 1634 pergit.
865 1565 894 1617 et
908 1559 976 1636 quia
991 1559 1073 1619 aditu
1088 1571 1114 1611 1⁵

61 1648 188 1710 Neronis
207 1645 435 1724 prohibebatur,
455 1661 594 1722 egressus
613 1643 765 1724 obsidens,
789 1645 906 1706 audiret
926 1648 1073 1707 insontem

63 1754 136 1798 neve
151 1733 322 1798 consulatus
337 1735 384 1793 sui
399 1733 547 1810 quondam
561 1731 702 1810 collegam
717 1731 838 1794 dederet
852 1731 972 1813 liberto,
986 1734 1073 1794 modo

63 1822 200 1886 muliebri
219 1821 343 1901 eiulatu,
364 1820 521 1900 aliquando
541 1838 645 1882 sexum
663 1838 781 1900 egressa
800 1839 870 1882 vooe
889 1823 1004 1883 insensa
1018 1822 1074 1882 ola·

63 1911 196 1991 rnitabat,
220 1909 314 1970 donee
336 1911 478 1989 princeps
500 1908 671 1982 inmobilem
689 1927 721 1972 se
739 1909 881 1989 precibus
899 1919 929 1971 et
947 1911 1074 1972 invidiae

62 2005 142 2062 iuxta
157 1998 295 2061 ostendit
1087 2013 1116 2050 eo

131 2086 180 2150 11.
201 2085 280 2168 Ergo
301 2087 421 2148 nuntiat
436 2087 515 2165 patri
533 2086 651 2147 abicere
671 2103 754 2165 spem
774 2093 804 2148 et
822 2089 867 2148 uti
884 2089 1074 2148 necessitate:

63 2177 152 2239 simul
169 2176 303 2238 adfertur
320 2177 421 2255 pareri
435 2176 633 2254 cognitionem
648 2183 768 2237 senatus
783 2184 814 2236 et
827 2182 943 2238 trucem
957 2183 1074 2237 senten-

64 2270 142 2326 tiam.
175 2282 230 2324 nec
252 2263 374 2324 deluere
397 2265 450 2343 qui
469 2271 626 2325 monerent
646 2282 750 2341 magna
772 2283 807 2325 ex
829 2271 913 2343 parte
934 2263 1074 2326 heredem

64 2354 218 2417 Caesarem
237 2368 409 2429 nuncupare
433 2359 521 2429 atque
539 2353 581 2411 ita
601 2351 760 2429 nepotibus
779 2352 815 2413 de
834 2353 949 2431 reliquo
969 2370 1074 2414 oonsu-

64 2443 134 2501 lere.
166 2438 245 2517 quod
267 2445 455 2516 aspernatus,
475 2456 513 2499 ne
533 2439 623 2499 vitam
641 2441 775 2515 proxime
794 2438 961 2503 libertatem
980 2448 1104 2500 aemma

65 2530 224 2591 novissimo
243 2528 364 2590 servitio
384 2524 528 2604 foedaret,
550 2523 675 2603 largitur
694 2528 725 2587 in
744 2543 845 2589 servos
865 2534 1007 2605 quantum
1026 2526 1074 2587 ad·

64 2627 127 2678 erat
150 2617 307 2696 pecuniae,
335 2615 414 2674 etsi
438 2631 494 2692 qua
517 2616 664 2692 asportari
685 2622 821 2693 possent,
845 2614 902 2675 sibi
927 2633 1074 2694 quemque

65 2707 222 2784 deducere,
237 2705 294 2769 tris
307 2702 394 2764 inodo
408 2701 533 2767 lectulus
548 2701 584 2762 ad
599 2719 737 2781 suprema
751 2704 874 2764 retineri
888 2701 979 2766 iubet.
1002 2712 1074 2765 tuno

64 2795 168 2856 eodem
187 2795 217 2854 in
238 2790 389 2869 eubiculo,
411 2790 515 2851 eodem
534 2790 613 2851 lerro
632 2789 811 2854 abscindunt
829 2809 927 2872 venas,
941 2795 1074 2871 properi-

59 2900 123 2961 que
148 2890 178 2942 et
200 2880 325 2959 singulis
349 2878 482 2940 vestibus
500 2878 535 2940 ad
555 2879 763 2946 verecundiam
782 2879 1011 2945 velatl'balineis
1029 2884 1072 2941 in·
1090 2895 1118 2933 1⁰

65 2972 216 3048 seruntur,
235 2976 319 3046 pater
334 2967 435 3047 tiliam,
451 2969 513 3028 aria
528 2974 661 3048 neptem,
675 2966 724 3031 illa
738 2976 881 3049 utrosque
896 2972 1029 3048 intuens,
1045 2979 1074 3030 et
1148 3001 1151 3007 ,

64 3060 199 3120 certatim
213 3063 370 3136 precantes
384 3055 493 3116 labenti
513 3057 626 3117 animae
645 3056 773 3118 celerem
792 3060 916 3138 exitum,
935 3065 968 3117 ut
987 3056 1073 3116 relin-

64 3154 191 3227 querent
210 3163 281 3205 suos
301 3146 477 3223 superstites
496 3152 527 3206 et
540 3146 710 3206 morituros.
738 3148 925 3224 servavitque
940 3145 1073 3206 ordinem

135 3367 338 3440 rotroldus
347 3368 519 3439 Nipperdey:
538 3366 648 3436 polntio
663 3366 668 3438 Ι
683 3366 782 3422 iuuisib
797 3369 801 3436 1
818 3366 963 3423 uvirendo
975 3367 1074 3424 Puteo-

64 3441 157 3497 taum:
181 3439 320 3496 uincendo
336 3442 341 3509 Ι
358 3453 430 3494 esse:
458 3455 477 3492 n
495 3452 524 3492 se
542 3438 676 3505 Ernestil
693 3445 726 3493 14
749 3437 853 3508 inpexa
876 3440 1019 3494 Pedanius:
1042 3439 1074 3493 In

63 3509 147 3579 plexa
162 3513 167 3580 l
184 3511 260 3568 elim.
280 3527 332 3564 usa
349 3508 405 3564 nisi
422 3509 555 3583 Aprioola
571 3512 575 3578 Ι
593 3514 625 3563 18
643 3507 756 3563 mulieri
772 3511 776 3580 Ι
793 3509 838 3580 11,
854 3516 886 3566 ts
904 3507 1075 3579 relinqueret
