<?xml version="1.0" encoding="UTF-8"?>
<!DOCTYPE html PUBLIC "-//W3C//DTD XHTML 1.0 Transitional//EN"
    "http://www.w3.org/TR/xhtml1/DTD/xhtml1-transitional.dtd">
<html xmlns="http://www.w3.org/1999/xhtml" xml:lang="en" lang="en">
 <head>
  <title>
</title>
<meta http-equiv="Content-Type" content="text/html;charset=utf-8" />
  <meta name='ocr-system' content='tesseract 3.04.00' />
  <meta name='ocr-capabilities' content='ocr_page ocr_carea ocr_par ocr_line ocrx_word'/>
</head>
<body>
  <div class='ocr_page' id='page_1' title='image "./libriquisupersu00halmgoog_0113.png"; bbox 0 0 2392 3876; ppageno 0'>
   <div class='ocr_carea' id='block_1_1' title="bbox 31 188 764 265">
    <p class='ocr_par' dir='ltr' id='par_1_1' title="bbox 31 188 764 265">
     <span class='ocr_line' id='line_1_1' title="bbox 31 188 764 265; baseline -0.016 -11"><span class='ocrx_word' id='word_1_1' title='bbox 31 260 34 265; x_wconf 64' lang='grc'><strong>,</strong></span> <span class='ocrx_word' id='word_1_2' title='bbox 112 191 175 256; x_wconf 81' lang='lat'>102</span> <span class='ocrx_word' id='word_1_3' title='bbox 460 188 629 244; x_wconf 81' lang='lat' dir='ltr'>conunnn</span> <span class='ocrx_word' id='word_1_4' title='bbox 645 188 764 244; x_wconf 77' lang='lat' dir='ltr'>riorus</span> 
     </span>
    </p>
   </div>
   <div class='ocr_carea' id='block_1_2' title="bbox 72 336 1124 505">
    <p class='ocr_par' dir='ltr' id='par_1_2' title="bbox 72 336 1124 505">
     <span class='ocr_line' id='line_1_2' title="bbox 111 336 1124 418; baseline -0.002 -19"><span class='ocrx_word' id='word_1_5' title='bbox 111 357 179 400; x_wconf 92' lang='lat' dir='ltr'>nem</span> <span class='ocrx_word' id='word_1_6' title='bbox 196 340 227 399; x_wconf 92' lang='lat' dir='ltr'>in</span> <span class='ocrx_word' id='word_1_7' title='bbox 246 340 427 418; x_wconf 88' lang='lat' dir='ltr'>provinciam</span> <span class='ocrx_word' id='word_1_8' title='bbox 444 339 531 398; x_wconf 90' lang='lat' dir='ltr'>mitti.</span> <span class='ocrx_word' id='word_1_9' title='bbox 558 345 716 417; x_wconf 86' lang='lat' dir='ltr'>corruptos</span> <span class='ocrx_word' id='word_1_10' title='bbox 735 356 823 417; x_wconf 82' lang='lat' dir='ltr'>saepe</span> <span class='ocrx_word' id='word_1_11' title='bbox 840 336 1034 416; x_wconf 81' lang='lat' dir='ltr'>pravitatibus</span> <span class='ocrx_word' id='word_1_12' title='bbox 1048 356 1124 397; x_wconf 84' lang='lat' dir='ltr'>uxo·</span> 
     </span>
     <span class='ocr_line' id='line_1_3' title="bbox 72 423 1124 505; baseline -0.002 -17"><span class='ocrx_word' id='word_1_13' title='bbox 72 440 97 480; x_wconf 82' lang='lat'>1⁵</span> <span class='ocrx_word' id='word_1_14' title='bbox 111 446 179 488; x_wconf 91' lang='lat' dir='ltr'>rum</span> <span class='ocrx_word' id='word_1_15' title='bbox 200 429 335 488; x_wconf 90' lang='lat' dir='ltr'>maritos:</span> <span class='ocrx_word' id='word_1_16' title='bbox 358 445 430 488; x_wconf 92' lang='lat' dir='ltr'>num</span> <span class='ocrx_word' id='word_1_17' title='bbox 448 444 518 505; x_wconf 86' lang='lat' dir='ltr'>ergo</span> <span class='ocrx_word' id='word_1_18' title='bbox 538 429 633 487; x_wconf 91' lang='lat' dir='ltr'>omnis</span> <span class='ocrx_word' id='word_1_19' title='bbox 652 425 778 487; x_wconf 91' lang='lat' dir='ltr'>caelibes</span> <span class='ocrx_word' id='word_1_20' title='bbox 796 423 950 504; x_wconf 79' lang='lat' dir='ltr'>integros?</span> <span class='ocrx_word' id='word_1_21' title='bbox 971 424 1124 504; x_wconf 72' lang='lat' dir='ltr'>placuisse</span> 
     </span>
    </p>
   </div>
   <div class='ocr_carea' id='block_1_3' title="bbox 47 514 1124 3243">
    <p class='ocr_par' dir='ltr' id='par_1_3' title="bbox 71 514 1124 1989">
     <span class='ocr_line' id='line_1_4' title="bbox 112 514 1123 596; baseline -0.001 -20"><span class='ocrx_word' id='word_1_22' title='bbox 112 515 259 596; x_wconf 89' lang='lat' dir='ltr'>quondam</span> <span class='ocrx_word' id='word_1_23' title='bbox 279 515 388 595; x_wconf 87' lang='lat' dir='ltr'>Oppias</span> <span class='ocrx_word' id='word_1_24' title='bbox 407 514 500 594; x_wconf 85' lang='lat' dir='ltr'>leges,</span> <span class='ocrx_word' id='word_1_25' title='bbox 525 516 567 575; x_wconf 90' lang='lat' dir='ltr'>slc</span> <span class='ocrx_word' id='word_1_26' title='bbox 590 514 774 594; x_wconf 85' lang='lat' dir='ltr'>temporibus</span> <span class='ocrx_word' id='word_1_27' title='bbox 797 517 842 574; x_wconf 92' lang='lat' dir='ltr'>rei</span> <span class='ocrx_word' id='word_1_28' title='bbox 864 514 999 593; x_wconf 83' lang='lat' dir='ltr'>publicae</span> <span class='ocrx_word' id='word_1_29' title='bbox 1018 521 1123 591; x_wconf 87' lang='lat' dir='ltr'>postu·</span> 
     </span>
     <span class='ocr_line' id='line_1_5' title="bbox 111 603 1123 684; baseline -0.002 -20"><span class='ocrx_word' id='word_1_30' title='bbox 111 604 253 665; x_wconf 89' lang='lat' dir='ltr'>lantibus:</span> <span class='ocrx_word' id='word_1_31' title='bbox 268 606 426 664; x_wconf 88' lang='lat' dir='ltr'>remissum</span> <span class='ocrx_word' id='word_1_32' title='bbox 436 603 545 682; x_wconf 91' lang='lat' dir='ltr'>aliquid</span> <span class='ocrx_word' id='word_1_33' title='bbox 556 610 657 681; x_wconf 93' lang='lat' dir='ltr'>postea</span> <span class='ocrx_word' id='word_1_34' title='bbox 672 611 701 663; x_wconf 90' lang='lat' dir='ltr'>et</span> <span class='ocrx_word' id='word_1_35' title='bbox 716 605 890 684; x_wconf 84' lang='lat' dir='ltr'>mitigatum,</span> <span class='ocrx_word' id='word_1_36' title='bbox 906 606 974 682; x_wconf 91' lang='lat' dir='ltr'>quia</span> <span class='ocrx_word' id='word_1_37' title='bbox 984 603 1123 680; x_wconf 87' lang='lat' dir='ltr'>expedie-</span> 
     </span>
     <span class='ocr_line' id='line_1_6' title="bbox 111 690 1123 769; baseline -0.002 -16"><span class='ocrx_word' id='word_1_38' title='bbox 111 695 159 753; x_wconf 89' lang='lat' dir='ltr'>rit.</span> <span class='ocrx_word' id='word_1_39' title='bbox 194 693 305 753; x_wconf 88' lang='lat' dir='ltr'>frustra</span> <span class='ocrx_word' id='word_1_40' title='bbox 328 699 460 752; x_wconf 88' lang='lat' dir='ltr'>nostram</span> <span class='ocrx_word' id='word_1_41' title='bbox 485 693 630 769; x_wconf 82' lang='lat' dir='ltr'>ignaviam</span> <span class='ocrx_word' id='word_1_42' title='bbox 652 691 707 752; x_wconf 91' lang='lat' dir='ltr'>alia</span> <span class='ocrx_word' id='word_1_43' title='bbox 731 690 765 751; x_wconf 89' lang='lat' dir='ltr'>ad</span> <span class='ocrx_word' id='word_1_44' title='bbox 790 690 930 751; x_wconf 90' lang='lat' dir='ltr'>vocabula</span> <span class='ocrx_word' id='word_1_45' title='bbox 949 690 1123 751; x_wconf 79' lang='lat' dir='ltr'>transferri:</span> 
     </span>
     <span class='ocr_line' id='line_1_7' title="bbox 112 779 1123 860; baseline -0.003 -19"><span class='ocrx_word' id='word_1_46' title='bbox 112 800 179 842; x_wconf 91' lang='lat' dir='ltr'>nam</span> <span class='ocrx_word' id='word_1_47' title='bbox 197 783 253 841; x_wconf 83' lang='lat' dir='ltr'>riri</span> <span class='ocrx_word' id='word_1_48' title='bbox 271 783 302 840; x_wconf 94' lang='lat' dir='ltr'>in</span> <span class='ocrx_word' id='word_1_49' title='bbox 322 797 356 840; x_wconf 91' lang='lat' dir='ltr'>eo</span> <span class='ocrx_word' id='word_1_50' title='bbox 376 779 505 860; x_wconf 89' lang='lat' dir='ltr'>culpam,</span> <span class='ocrx_word' id='word_1_51' title='bbox 524 781 549 839; x_wconf 93' lang='lat' dir='ltr'>si</span> <span class='ocrx_word' id='word_1_52' title='bbox 563 780 671 840; x_wconf 86' lang='lat' dir='ltr'>semina</span> <span class='ocrx_word' id='word_1_53' title='bbox 685 780 806 840; x_wconf 92' lang='lat' dir='ltr'>modum</span> <span class='ocrx_word' id='word_1_54' title='bbox 820 780 950 840; x_wconf 85' lang='lat' dir='ltr'>excedat.</span> <span class='ocrx_word' id='word_1_55' title='bbox 977 797 1067 859; x_wconf 90' lang='lat' dir='ltr'>porro</span> <span class='ocrx_word' id='word_1_56' title='bbox 1083 779 1123 839; x_wconf 91' lang='lat' dir='ltr'>ob</span> 
     </span>
     <span class='ocr_line' id='line_1_8' title="bbox 71 867 1123 947; baseline -0.004 -17"><span class='ocrx_word' id='word_1_57' title='bbox 71 881 97 922; x_wconf 82' lang='lat'>20</span> <span class='ocrx_word' id='word_1_58' title='bbox 111 871 201 930; x_wconf 91' lang='lat' dir='ltr'>unius</span> <span class='ocrx_word' id='word_1_59' title='bbox 215 875 266 929; x_wconf 92' lang='lat' dir='ltr'>aut</span> <span class='ocrx_word' id='word_1_60' title='bbox 279 867 401 928; x_wconf 90' lang='lat' dir='ltr'>alterius</span> <span class='ocrx_word' id='word_1_61' title='bbox 415 867 586 928; x_wconf 89' lang='lat' dir='ltr'>inbecillum</span> <span class='ocrx_word' id='word_1_62' title='bbox 600 871 730 928; x_wconf 88' lang='lat' dir='ltr'>animum</span> <span class='ocrx_word' id='word_1_63' title='bbox 744 868 819 929; x_wconf 89' lang='lat' dir='ltr'>male</span> <span class='ocrx_word' id='word_1_64' title='bbox 834 871 908 947; x_wconf 90' lang='lat' dir='ltr'>eripi</span> <span class='ocrx_word' id='word_1_65' title='bbox 922 870 1036 928; x_wconf 91' lang='lat' dir='ltr'>maritis</span> <span class='ocrx_word' id='word_1_66' title='bbox 1051 885 1123 927; x_wconf 88' lang='lat' dir='ltr'>con-</span> 
     </span>
     <span class='ocr_line' id='line_1_9' title="bbox 75 956 1124 1035; baseline -0.001 -19"><span class='ocrx_word' id='word_1_67' title='bbox 75 1009 78 1016; x_wconf 91' lang='lat'>.</span> <span class='ocrx_word' id='word_1_68' title='bbox 111 959 203 1018; x_wconf 92' lang='lat' dir='ltr'>sortia</span> <span class='ocrx_word' id='word_1_69' title='bbox 212 974 314 1017; x_wconf 88' lang='lat' dir='ltr'>rerum</span> <span class='ocrx_word' id='word_1_70' title='bbox 324 956 521 1017; x_wconf 90' lang='lat' dir='ltr'>secundarum</span> <span class='ocrx_word' id='word_1_71' title='bbox 531 956 787 1035; x_wconf 90' lang='lat' dir='ltr'>adversarumque.</span> <span class='ocrx_word' id='word_1_72' title='bbox 803 957 891 1017; x_wconf 92' lang='lat' dir='ltr'>simul</span> <span class='ocrx_word' id='word_1_73' title='bbox 901 974 1004 1016; x_wconf 84' lang='lat' dir='ltr'>sexum</span> <span class='ocrx_word' id='word_1_74' title='bbox 1012 963 1124 1018; x_wconf 61' lang='lat' dir='ltr'>,natura</span> 
     </span>
     <span class='ocr_line' id='line_1_10' title="bbox 111 1043 1123 1126; baseline -0.001 -22"><span class='ocrx_word' id='word_1_75' title='bbox 111 1045 271 1105; x_wconf 84' lang='lat' dir='ltr'>invalidum</span> <span class='ocrx_word' id='word_1_76' title='bbox 299 1044 397 1105; x_wconf 91' lang='lat' dir='ltr'>deseri</span> <span class='ocrx_word' id='word_1_77' title='bbox 424 1052 454 1105; x_wconf 90' lang='lat' dir='ltr'>et</span> <span class='ocrx_word' id='word_1_78' title='bbox 476 1047 584 1123; x_wconf 86' lang='lat' dir='ltr'>exponi</span> <span class='ocrx_word' id='word_1_79' title='bbox 604 1063 658 1105; x_wconf 90' lang='lat' dir='ltr'>suo</span> <span class='ocrx_word' id='word_1_80' title='bbox 680 1044 766 1126; x_wconf 84' lang='lat' dir='ltr'>luxu,</span> <span class='ocrx_word' id='word_1_81' title='bbox 794 1044 983 1124; x_wconf 87' lang='lat' dir='ltr'>cupidinibus</span> <span class='ocrx_word' id='word_1_82' title='bbox 1007 1043 1123 1104; x_wconf 89' lang='lat' dir='ltr'>alienis.</span> 
     </span>
     <span class='ocr_line' id='line_1_11' title="bbox 111 1132 1124 1212; baseline -0.002 -19"><span class='ocrx_word' id='word_1_83' title='bbox 111 1136 159 1193; x_wconf 84' lang='lat' dir='ltr'>vix</span> <span class='ocrx_word' id='word_1_84' title='bbox 172 1135 323 1212; x_wconf 84' lang='lat' dir='ltr'>praesenti</span> <span class='ocrx_word' id='word_1_85' title='bbox 336 1133 470 1194; x_wconf 88' lang='lat' dir='ltr'>custodia</span> <span class='ocrx_word' id='word_1_86' title='bbox 484 1151 603 1194; x_wconf 91' lang='lat' dir='ltr'>manere</span> <span class='ocrx_word' id='word_1_87' title='bbox 617 1133 728 1193; x_wconf 90' lang='lat' dir='ltr'>inlaesa</span> <span class='ocrx_word' id='word_1_88' title='bbox 742 1136 891 1212; x_wconf 86' lang='lat' dir='ltr'>coniugia:</span> <span class='ocrx_word' id='word_1_89' title='bbox 911 1132 982 1212; x_wconf 91' lang='lat' dir='ltr'>quid</span> <span class='ocrx_word' id='word_1_90' title='bbox 996 1134 1075 1212; x_wconf 86' lang='lat' dir='ltr'>sore,</span> <span class='ocrx_word' id='word_1_91' title='bbox 1096 1135 1124 1192; x_wconf 90' lang='lat' dir='ltr'>si</span> 
     </span>
     <span class='ocr_line' id='line_1_12' title="bbox 110 1219 1123 1300; baseline -0.003 -18"><span class='ocrx_word' id='word_1_92' title='bbox 110 1240 165 1300; x_wconf 92' lang='lat' dir='ltr'>per</span> <span class='ocrx_word' id='word_1_93' title='bbox 178 1220 280 1300; x_wconf 89' lang='lat' dir='ltr'>plures</span> <span class='ocrx_word' id='word_1_94' title='bbox 290 1239 383 1281; x_wconf 90' lang='lat' dir='ltr'>annos</span> <span class='ocrx_word' id='word_1_95' title='bbox 397 1223 428 1282; x_wconf 94' lang='lat' dir='ltr'>in</span> <span class='ocrx_word' id='word_1_96' title='bbox 437 1221 558 1282; x_wconf 91' lang='lat' dir='ltr'>modum</span> <span class='ocrx_word' id='word_1_97' title='bbox 569 1221 686 1282; x_wconf 86' lang='lat' dir='ltr'>discidii</span> <span class='ocrx_word' id='word_1_98' title='bbox 700 1219 931 1283; x_wconf 78' lang='lat' dir='ltr'>oblitterentur?</span> <span class='ocrx_word' id='word_1_99' title='bbox 947 1223 990 1281; x_wconf 88' lang='lat' dir='ltr'>sio</span> <span class='ocrx_word' id='word_1_100' title='bbox 1005 1220 1123 1280; x_wconf 90' lang='lat' dir='ltr'>obviam</span> 
     </span>
     <span class='ocr_line' id='line_1_13' title="bbox 71 1307 1122 1391; baseline -0.003 -20"><span class='ocrx_word' id='word_1_101' title='bbox 71 1320 97 1361; x_wconf 77' lang='lat'>2⁵</span> <span class='ocrx_word' id='word_1_102' title='bbox 110 1313 190 1371; x_wconf 90' lang='lat' dir='ltr'>irent</span> <span class='ocrx_word' id='word_1_103' title='bbox 202 1312 248 1390; x_wconf 91' lang='lat' dir='ltr'>iis,</span> <span class='ocrx_word' id='word_1_104' title='bbox 264 1328 338 1388; x_wconf 89' lang='lat' dir='ltr'>quae</span> <span class='ocrx_word' id='word_1_105' title='bbox 349 1309 418 1370; x_wconf 89' lang='lat' dir='ltr'>alibi</span> <span class='ocrx_word' id='word_1_106' title='bbox 428 1307 633 1391; x_wconf 85' lang='lat' dir='ltr'>peccarentur,</span> <span class='ocrx_word' id='word_1_107' title='bbox 646 1317 680 1371; x_wconf 90' lang='lat' dir='ltr'>ut</span> <span class='ocrx_word' id='word_1_108' title='bbox 690 1309 867 1388; x_wconf 83' lang='lat' dir='ltr'>llagitiorum</span> <span class='ocrx_word' id='word_1_109' title='bbox 877 1309 961 1371; x_wconf 93' lang='lat' dir='ltr'>urbis</span> <span class='ocrx_word' id='word_1_110' title='bbox 970 1310 1122 1369; x_wconf 90' lang='lat' dir='ltr'>meminis—</span> 
     </span>
     <span class='ocr_line' id='line_1_14' title="bbox 111 1393 1122 1479; baseline -0.002 -21"><span class='ocrx_word' id='word_1_111' title='bbox 111 1406 185 1459; x_wconf 90' lang='lat' dir='ltr'>sent.</span> <span class='ocrx_word' id='word_1_112' title='bbox 213 1398 325 1459; x_wconf 84' lang='lat' dir='ltr'>addidit</span> <span class='ocrx_word' id='word_1_113' title='bbox 338 1415 431 1477; x_wconf 87' lang='lat' dir='ltr'>pauca</span> <span class='ocrx_word' id='word_1_114' title='bbox 445 1397 560 1459; x_wconf 86' lang='lat' dir='ltr'>Drusus</span> <span class='ocrx_word' id='word_1_115' title='bbox 578 1398 615 1459; x_wconf 93' lang='lat' dir='ltr'>de</span> <span class='ocrx_word' id='word_1_116' title='bbox 633 1393 820 1459; x_wconf 86' lang='lat' dir='ltr'>matrimonio</span> <span class='ocrx_word' id='word_1_117' title='bbox 839 1416 907 1479; x_wconf 89' lang='lat' dir='ltr'>suo;</span> <span class='ocrx_word' id='word_1_118' title='bbox 925 1416 996 1458; x_wconf 89' lang='lat' dir='ltr'>nam</span> <span class='ocrx_word' id='word_1_119' title='bbox 1010 1399 1122 1475; x_wconf 90' lang='lat' dir='ltr'>princi-</span> 
     </span>
     <span class='ocr_line' id='line_1_15' title="bbox 111 1484 1123 1566; baseline -0.001 -19"><span class='ocrx_word' id='word_1_120' title='bbox 111 1486 199 1566; x_wconf 92' lang='lat' dir='ltr'>pibus</span> <span class='ocrx_word' id='word_1_121' title='bbox 227 1486 362 1548; x_wconf 92' lang='lat' dir='ltr'>adeunda</span> <span class='ocrx_word' id='word_1_122' title='bbox 391 1489 509 1566; x_wconf 83' lang='lat' dir='ltr'>saepius</span> <span class='ocrx_word' id='word_1_123' title='bbox 532 1487 691 1566; x_wconf 82' lang='lat' dir='ltr'>longinqua</span> <span class='ocrx_word' id='word_1_124' title='bbox 706 1489 832 1565; x_wconf 87' lang='lat' dir='ltr'>imperii.</span> <span class='ocrx_word' id='word_1_125' title='bbox 869 1488 1006 1566; x_wconf 89' lang='lat' dir='ltr'>quotiens</span> <span class='ocrx_word' id='word_1_126' title='bbox 1020 1484 1123 1546; x_wconf 84' lang='lat' dir='ltr'>divum</span> 
     </span>
     <span class='ocr_line' id='line_1_16' title="bbox 110 1573 1122 1655; baseline -0.003 -19"><span class='ocrx_word' id='word_1_127' title='bbox 110 1577 276 1654; x_wconf 81' lang='lat' dir='ltr'>Augustum</span> <span class='ocrx_word' id='word_1_128' title='bbox 298 1578 330 1636; x_wconf 93' lang='lat' dir='ltr'>in</span> <span class='ocrx_word' id='word_1_129' title='bbox 352 1573 544 1638; x_wconf 86' lang='lat' dir='ltr'>Occidentem</span> <span class='ocrx_word' id='word_1_130' title='bbox 566 1583 654 1655; x_wconf 89' lang='lat' dir='ltr'>atque</span> <span class='ocrx_word' id='word_1_131' title='bbox 673 1574 824 1636; x_wconf 88' lang='lat' dir='ltr'>Orientem</span> <span class='ocrx_word' id='word_1_132' title='bbox 846 1576 988 1636; x_wconf 89' lang='lat' dir='ltr'>meavisse</span> <span class='ocrx_word' id='word_1_133' title='bbox 1012 1576 1122 1634; x_wconf 87' lang='lat' dir='ltr'>comite</span> 
     </span>
     <span class='ocr_line' id='line_1_17' title="bbox 110 1662 1122 1743; baseline -0.001 -19"><span class='ocrx_word' id='word_1_134' title='bbox 110 1663 204 1725; x_wconf 88' lang='lat' dir='ltr'>Livia!</span> <span class='ocrx_word' id='word_1_135' title='bbox 225 1682 256 1724; x_wconf 88' lang='lat' dir='ltr'>se</span> <span class='ocrx_word' id='word_1_136' title='bbox 271 1681 389 1743; x_wconf 88' lang='lat' dir='ltr'>quoque</span> <span class='ocrx_word' id='word_1_137' title='bbox 403 1666 435 1723; x_wconf 93' lang='lat' dir='ltr'>in</span> <span class='ocrx_word' id='word_1_138' title='bbox 448 1663 598 1743; x_wconf 81' lang='lat' dir='ltr'>Illyricum</span> <span class='ocrx_word' id='word_1_139' title='bbox 611 1663 779 1742; x_wconf 81' lang='lat' dir='ltr'>proiectum</span> <span class='ocrx_word' id='word_1_140' title='bbox 798 1671 840 1743; x_wconf 88' lang='lat' dir='ltr'>et,</span> <span class='ocrx_word' id='word_1_141' title='bbox 861 1666 887 1724; x_wconf 93' lang='lat' dir='ltr'>si</span> <span class='ocrx_word' id='word_1_142' title='bbox 905 1666 945 1724; x_wconf 89' lang='lat' dir='ltr'>ita</span> <span class='ocrx_word' id='word_1_143' title='bbox 964 1662 1122 1741; x_wconf 88' lang='lat' dir='ltr'>conducat,</span> 
     </span>
     <span class='ocr_line' id='line_1_18' title="bbox 71 1750 1122 1832; baseline -0.003 -19"><span class='ocrx_word' id='word_1_144' title='bbox 71 1753 181 1813; x_wconf 71' lang='lat' dir='ltr'>toalias</span> <span class='ocrx_word' id='word_1_145' title='bbox 205 1751 241 1812; x_wconf 91' lang='lat' dir='ltr'>ad</span> <span class='ocrx_word' id='word_1_146' title='bbox 264 1759 368 1830; x_wconf 82' lang='lat' dir='ltr'>gentes</span> <span class='ocrx_word' id='word_1_147' title='bbox 391 1754 516 1832; x_wconf 92' lang='lat' dir='ltr'>iturum,</span> <span class='ocrx_word' id='word_1_148' title='bbox 539 1750 617 1812; x_wconf 90' lang='lat' dir='ltr'>baud</span> <span class='ocrx_word' id='word_1_149' title='bbox 641 1769 758 1831; x_wconf 89' lang='lat' dir='ltr'>semper</span> <span class='ocrx_word' id='word_1_150' title='bbox 781 1770 875 1831; x_wconf 90' lang='lat' dir='ltr'>aequo</span> <span class='ocrx_word' id='word_1_151' title='bbox 898 1754 1008 1831; x_wconf 91' lang='lat' dir='ltr'>animo,</span> <span class='ocrx_word' id='word_1_152' title='bbox 1034 1752 1059 1811; x_wconf 91' lang='lat' dir='ltr'>si</span> <span class='ocrx_word' id='word_1_153' title='bbox 1084 1750 1122 1811; x_wconf 85' lang='lat' dir='ltr'>ab</span> 
     </span>
     <span class='ocr_line' id='line_1_19' title="bbox 111 1839 1121 1920; baseline -0.003 -19"><span class='ocrx_word' id='word_1_154' title='bbox 111 1858 203 1902; x_wconf 78' lang='lat' dir='ltr'>tinore</span> <span class='ocrx_word' id='word_1_155' title='bbox 223 1842 374 1900; x_wconf 89' lang='lat' dir='ltr'>carissima</span> <span class='ocrx_word' id='word_1_156' title='bbox 392 1846 422 1900; x_wconf 93' lang='lat' dir='ltr'>et</span> <span class='ocrx_word' id='word_1_157' title='bbox 440 1846 485 1900; x_wconf 90' lang='lat' dir='ltr'>tot</span> <span class='ocrx_word' id='word_1_158' title='bbox 503 1842 703 1901; x_wconf 91' lang='lat' dir='ltr'>communium</span> <span class='ocrx_word' id='word_1_159' title='bbox 718 1839 880 1901; x_wconf 92' lang='lat' dir='ltr'>liberorum</span> <span class='ocrx_word' id='word_1_160' title='bbox 894 1847 1016 1920; x_wconf 89' lang='lat' dir='ltr'>parente</span> <span class='ocrx_word' id='word_1_161' title='bbox 1031 1839 1121 1900; x_wconf 88' lang='lat' dir='ltr'>divel-</span> 
     </span>
     <span class='ocr_line' id='line_1_20' title="bbox 111 1927 783 1989; baseline 0 -1"><span class='ocrx_word' id='word_1_162' title='bbox 111 1928 231 1989; x_wconf 89' lang='lat' dir='ltr'>leretur.</span> <span class='ocrx_word' id='word_1_163' title='bbox 259 1930 302 1988; x_wconf 90' lang='lat' dir='ltr'>sie</span> <span class='ocrx_word' id='word_1_164' title='bbox 317 1927 459 1988; x_wconf 87' lang='lat' dir='ltr'>Caecinae</span> <span class='ocrx_word' id='word_1_165' title='bbox 473 1929 618 1988; x_wconf 88' lang='lat' dir='ltr'>sententia</span> <span class='ocrx_word' id='word_1_166' title='bbox 634 1928 715 1988; x_wconf 89' lang='lat' dir='ltr'>elusa</span> <span class='ocrx_word' id='word_1_167' title='bbox 729 1936 783 1988; x_wconf 86' lang='lat' dir='ltr'>est.</span> 
     </span>
    </p>

    <p class='ocr_par' dir='ltr' id='par_1_4' title="bbox 177 2011 1120 2099">
     <span class='ocr_line' id='line_1_21' title="bbox 177 2011 1120 2099; baseline 0 -23"><span class='ocrx_word' id='word_1_168' title='bbox 177 2011 229 2076; x_wconf 84' lang='lat'>35.</span> <span class='ocrx_word' id='word_1_169' title='bbox 251 2014 389 2075; x_wconf 84' lang='lat' dir='ltr'>Proximo</span> <span class='ocrx_word' id='word_1_170' title='bbox 409 2027 529 2076; x_wconf 86' lang='lat' dir='ltr'>senatus</span> <span class='ocrx_word' id='word_1_171' title='bbox 552 2015 599 2076; x_wconf 90' lang='lat' dir='ltr'>die</span> <span class='ocrx_word' id='word_1_172' title='bbox 618 2015 755 2077; x_wconf 86' lang='lat' dir='ltr'>&#39;liberius</span> <span class='ocrx_word' id='word_1_173' title='bbox 773 2035 827 2095; x_wconf 92' lang='lat' dir='ltr'>per</span> <span class='ocrx_word' id='word_1_174' title='bbox 846 2016 973 2099; x_wconf 78' lang='lat' dir='ltr'>litteras,</span> <span class='ocrx_word' id='word_1_175' title='bbox 996 2018 1120 2095; x_wconf 83' lang='lat' dir='ltr'>castiga-</span> 
     </span>
    </p>

    <p class='ocr_par' dir='ltr' id='par_1_5' title="bbox 47 2102 1121 2362">
     <span class='ocr_line' id='line_1_22' title="bbox 47 2102 1120 2185; baseline 0 -20"><span class='ocrx_word' id='word_1_176' title='bbox 47 2170 51 2177; x_wconf 54' lang='lat'>,</span> <span class='ocrx_word' id='word_1_177' title='bbox 111 2106 149 2165; x_wconf 91' lang='lat' dir='ltr'>tis</span> <span class='ocrx_word' id='word_1_178' title='bbox 163 2102 281 2182; x_wconf 87' lang='lat' dir='ltr'>oblique</span> <span class='ocrx_word' id='word_1_179' title='bbox 295 2102 430 2182; x_wconf 87' lang='lat' dir='ltr'>patribus</span> <span class='ocrx_word' id='word_1_180' title='bbox 449 2103 527 2183; x_wconf 90' lang='lat' dir='ltr'>quod</span> <span class='ocrx_word' id='word_1_181' title='bbox 546 2113 652 2166; x_wconf 89' lang='lat' dir='ltr'>cuncta</span> <span class='ocrx_word' id='word_1_182' title='bbox 670 2121 810 2165; x_wconf 87' lang='lat' dir='ltr'>curarum</span> <span class='ocrx_word' id='word_1_183' title='bbox 828 2104 865 2166; x_wconf 87' lang='lat' dir='ltr'>ad</span> <span class='ocrx_word' id='word_1_184' title='bbox 883 2106 1047 2185; x_wconf 91' lang='lat' dir='ltr'>principem</span> <span class='ocrx_word' id='word_1_185' title='bbox 1061 2106 1120 2165; x_wconf 90' lang='lat' dir='ltr'>rei·</span> 
     </span>
     <span class='ocr_line' id='line_1_23' title="bbox 112 2190 1121 2274; baseline 0 -21"><span class='ocrx_word' id='word_1_186' title='bbox 112 2198 226 2270; x_wconf 88' lang='lat' dir='ltr'>cerent,</span> <span class='ocrx_word' id='word_1_187' title='bbox 244 2190 291 2252; x_wconf 77' lang='grc' dir='ltr'>Μ’.</span> <span class='ocrx_word' id='word_1_188' title='bbox 305 2191 450 2270; x_wconf 91' lang='lat' dir='ltr'>Lepidum</span> <span class='ocrx_word' id='word_1_189' title='bbox 471 2199 501 2253; x_wconf 89' lang='lat' dir='ltr'>et</span> <span class='ocrx_word' id='word_1_190' title='bbox 519 2192 636 2253; x_wconf 90' lang='lat' dir='ltr'>lunium</span> <span class='ocrx_word' id='word_1_191' title='bbox 650 2192 787 2254; x_wconf 79' lang='lat' dir='ltr'>blaesum</span> <span class='ocrx_word' id='word_1_192' title='bbox 806 2195 979 2274; x_wconf 87' lang='lat' dir='ltr'>nominavit,</span> <span class='ocrx_word' id='word_1_193' title='bbox 997 2211 1032 2253; x_wconf 88' lang='lat' dir='ltr'>ex</span> <span class='ocrx_word' id='word_1_194' title='bbox 1052 2195 1121 2271; x_wconf 92' lang='lat' dir='ltr'>quis</span> 
     </span>
     <span class='ocr_line' id='line_1_24' title="bbox 111 2279 1120 2362; baseline 0 -22"><span class='ocrx_word' id='word_1_195' title='bbox 111 2299 165 2359; x_wconf 93' lang='lat' dir='ltr'>pro</span> <span class='ocrx_word' id='word_1_196' title='bbox 185 2279 305 2340; x_wconf 89' lang='lat' dir='ltr'>consule</span> <span class='ocrx_word' id='word_1_197' title='bbox 325 2279 440 2341; x_wconf 76' lang='lat' dir='ltr'>Africae</span> <span class='ocrx_word' id='word_1_198' title='bbox 460 2280 617 2359; x_wconf 81' lang='lat' dir='ltr'>legeretur.</span> <span class='ocrx_word' id='word_1_199' title='bbox 649 2289 713 2342; x_wconf 91' lang='lat' dir='ltr'>tum</span> <span class='ocrx_word' id='word_1_200' title='bbox 732 2281 831 2342; x_wconf 89' lang='lat' dir='ltr'>audita</span> <span class='ocrx_word' id='word_1_201' title='bbox 849 2280 1003 2343; x_wconf 88' lang='lat' dir='ltr'>amborum</span> <span class='ocrx_word' id='word_1_202' title='bbox 1021 2280 1120 2362; x_wconf 84' lang='lat' dir='ltr'>rerba,</span> 
     </span>
    </p>

    <p class='ocr_par' dir='ltr' id='par_1_6' title="bbox 85 2369 1120 2804">
     <span class='ocr_line' id='line_1_25' title="bbox 85 2369 1120 2451; baseline 0.001 -22"><span class='ocrx_word' id='word_1_203' title='bbox 85 2370 255 2429; x_wconf 75' lang='lat' dir='ltr'>tintentius</span> <span class='ocrx_word' id='word_1_204' title='bbox 278 2376 437 2429; x_wconf 85' lang='lat' dir='ltr'>excusante</span> <span class='ocrx_word' id='word_1_205' title='bbox 460 2388 492 2430; x_wconf 87' lang='lat' dir='ltr'>se</span> <span class='ocrx_word' id='word_1_206' title='bbox 515 2369 642 2451; x_wconf 93' lang='lat' dir='ltr'>Lepido,</span> <span class='ocrx_word' id='word_1_207' title='bbox 664 2388 732 2430; x_wconf 92' lang='lat' dir='ltr'>cum</span> <span class='ocrx_word' id='word_1_208' title='bbox 755 2369 952 2432; x_wconf 83' lang='lat' dir='ltr'>valetudinem</span> <span class='ocrx_word' id='word_1_209' title='bbox 975 2373 1120 2450; x_wconf 86' lang='lat' dir='ltr'>corporis,</span> 
     </span>
     <span class='ocr_line' id='line_1_26' title="bbox 111 2456 1119 2539; baseline -0.001 -21"><span class='ocrx_word' id='word_1_210' title='bbox 111 2465 237 2518; x_wconf 88' lang='lat' dir='ltr'>aetatem</span> <span class='ocrx_word' id='word_1_211' title='bbox 255 2456 394 2538; x_wconf 89' lang='lat' dir='ltr'>liberum,</span> <span class='ocrx_word' id='word_1_212' title='bbox 417 2456 548 2519; x_wconf 90' lang='lat' dir='ltr'>nubilem</span> <span class='ocrx_word' id='word_1_213' title='bbox 567 2457 654 2518; x_wconf 87' lang='lat' dir='ltr'>filiam</span> <span class='ocrx_word' id='word_1_214' title='bbox 674 2458 862 2539; x_wconf 85' lang='lat' dir='ltr'>obtenderet,</span> <span class='ocrx_word' id='word_1_215' title='bbox 884 2458 1119 2537; x_wconf 83' lang='lat' dir='ltr'>intellegeretur·</span> 
     </span>
     <span class='ocr_line' id='line_1_27' title="bbox 112 2545 1119 2627; baseline 0.001 -20"><span class='ocrx_word' id='word_1_216' title='bbox 112 2564 169 2625; x_wconf 89' lang='lat' dir='ltr'>que</span> <span class='ocrx_word' id='word_1_217' title='bbox 188 2549 275 2607; x_wconf 91' lang='lat' dir='ltr'>etiam</span> <span class='ocrx_word' id='word_1_218' title='bbox 295 2546 373 2625; x_wconf 89' lang='lat' dir='ltr'>quod</span> <span class='ocrx_word' id='word_1_219' title='bbox 392 2545 509 2627; x_wconf 87' lang='lat' dir='ltr'>silebat,</span> <span class='ocrx_word' id='word_1_220' title='bbox 528 2546 706 2608; x_wconf 89' lang='lat' dir='ltr'>avunculum</span> <span class='ocrx_word' id='word_1_221' title='bbox 724 2564 790 2607; x_wconf 88' lang='lat' dir='ltr'>esse</span> <span class='ocrx_word' id='word_1_222' title='bbox 809 2546 908 2608; x_wconf 88' lang='lat' dir='ltr'>Seiani</span> <span class='ocrx_word' id='word_1_223' title='bbox 922 2547 1058 2608; x_wconf 87' lang='lat' dir='ltr'>Blaesum</span> <span class='ocrx_word' id='word_1_224' title='bbox 1076 2554 1119 2608; x_wconf 89' lang='lat' dir='ltr'>at·</span> 
     </span>
     <span class='ocr_line' id='line_1_28' title="bbox 112 2634 1119 2716; baseline 0 -22"><span class='ocrx_word' id='word_1_225' title='bbox 112 2653 169 2712; x_wconf 90' lang='lat' dir='ltr'>que</span> <span class='ocrx_word' id='word_1_226' title='bbox 194 2653 229 2694; x_wconf 92' lang='lat' dir='ltr'>eo</span> <span class='ocrx_word' id='word_1_227' title='bbox 253 2634 461 2712; x_wconf 87' lang='lat' dir='ltr'>praevalidum.</span> <span class='ocrx_word' id='word_1_228' title='bbox 500 2635 655 2714; x_wconf 80' lang='lat' dir='ltr'>respondit</span> <span class='ocrx_word' id='word_1_229' title='bbox 676 2634 798 2696; x_wconf 81' lang='lat' dir='ltr'>blaesus</span> <span class='ocrx_word' id='word_1_230' title='bbox 822 2637 920 2715; x_wconf 87' lang='lat' dir='ltr'>specie</span> <span class='ocrx_word' id='word_1_231' title='bbox 943 2637 1119 2716; x_wconf 84' lang='lat' dir='ltr'>recusantis,</span> 
     </span>
     <span class='ocr_line' id='line_1_29' title="bbox 111 2720 1118 2804; baseline 0.005 -24"><span class='ocrx_word' id='word_1_232' title='bbox 111 2720 163 2781; x_wconf 89' lang='lat' dir='ltr'>sed</span> <span class='ocrx_word' id='word_1_233' title='bbox 175 2739 272 2800; x_wconf 88' lang='lat' dir='ltr'>neque</span> <span class='ocrx_word' id='word_1_234' title='bbox 282 2721 383 2782; x_wconf 89' lang='lat' dir='ltr'>eadem</span> <span class='ocrx_word' id='word_1_235' title='bbox 393 2722 624 2804; x_wconf 83' lang='lat' dir='ltr'>adseveratione,</span> <span class='ocrx_word' id='word_1_236' title='bbox 638 2732 668 2784; x_wconf 88' lang='lat' dir='ltr'>et</span> <span class='ocrx_word' id='word_1_237' title='bbox 682 2741 828 2785; x_wconf 89' lang='lat' dir='ltr'>consensu</span> <span class='ocrx_word' id='word_1_238' title='bbox 843 2723 1025 2786; x_wconf 89' lang='lat' dir='ltr'>adulantium</span> <span class='ocrx_word' id='word_1_239' title='bbox 1038 2723 1118 2785; x_wconf 92' lang='lat' dir='ltr'>haud</span> 
     </span>
    </p>

    <p class='ocr_par' dir='ltr' id='par_1_7' title="bbox 71 2808 296 2870">
     <span class='ocr_line' id='line_1_30' title="bbox 71 2808 296 2870; baseline 0.013 -3"><span class='ocrx_word' id='word_1_240' title='bbox 71 2821 97 2860; x_wconf 86' lang='lat'>10</span> <span class='ocrx_word' id='word_1_241' title='bbox 111 2808 228 2869; x_wconf 91' lang='lat' dir='ltr'>adiutus</span> <span class='ocrx_word' id='word_1_242' title='bbox 243 2817 296 2870; x_wconf 90' lang='lat' dir='ltr'>est.</span> 
     </span>
    </p>

    <p class='ocr_par' dir='ltr' id='par_1_8' title="bbox 111 2893 1118 3243">
     <span class='ocr_line' id='line_1_31' title="bbox 177 2893 1118 2980; baseline 0.003 -23"><span class='ocrx_word' id='word_1_243' title='bbox 177 2893 229 2957; x_wconf 80' lang='lat'>36.</span> <span class='ocrx_word' id='word_1_244' title='bbox 252 2895 337 2957; x_wconf 83' lang='lat' dir='ltr'>Exim</span> <span class='ocrx_word' id='word_1_245' title='bbox 360 2907 530 2978; x_wconf 91' lang='lat' dir='ltr'>promptum</span> <span class='ocrx_word' id='word_1_246' title='bbox 554 2897 633 2978; x_wconf 87' lang='lat' dir='ltr'>quod</span> <span class='ocrx_word' id='word_1_247' title='bbox 652 2899 812 2961; x_wconf 90' lang='lat' dir='ltr'>multorum</span> <span class='ocrx_word' id='word_1_248' title='bbox 831 2901 943 2962; x_wconf 91' lang='lat' dir='ltr'>intimis</span> <span class='ocrx_word' id='word_1_249' title='bbox 963 2900 1118 2980; x_wconf 87' lang='lat' dir='ltr'>questibus</span> 
     </span>
     <span class='ocr_line' id='line_1_32' title="bbox 111 2983 1118 3068; baseline 0.002 -22"><span class='ocrx_word' id='word_1_250' title='bbox 111 2983 274 3065; x_wconf 83' lang='lat' dir='ltr'>tegebatur.</span> <span class='ocrx_word' id='word_1_251' title='bbox 302 2984 458 3048; x_wconf 88' lang='lat' dir='ltr'>incedebat</span> <span class='ocrx_word' id='word_1_252' title='bbox 476 2990 554 3047; x_wconf 91' lang='lat' dir='ltr'>euim</span> <span class='ocrx_word' id='word_1_253' title='bbox 568 2986 728 3047; x_wconf 91' lang='lat' dir='ltr'>deterrimo</span> <span class='ocrx_word' id='word_1_254' title='bbox 743 2991 851 3067; x_wconf 87' lang='lat' dir='ltr'>cuique</span> <span class='ocrx_word' id='word_1_255' title='bbox 865 2989 982 3050; x_wconf 90' lang='lat' dir='ltr'>licentia</span> <span class='ocrx_word' id='word_1_256' title='bbox 996 2991 1118 3068; x_wconf 89' lang='lat' dir='ltr'>impune</span> 
     </span>
     <span class='ocr_line' id='line_1_33' title="bbox 111 3071 1118 3157; baseline 0.003 -23"><span class='ocrx_word' id='word_1_257' title='bbox 111 3073 219 3152; x_wconf 89' lang='lat' dir='ltr'>probra</span> <span class='ocrx_word' id='word_1_258' title='bbox 239 3079 269 3133; x_wconf 91' lang='lat' dir='ltr'>et</span> <span class='ocrx_word' id='word_1_259' title='bbox 286 3071 425 3133; x_wconf 83' lang='lat' dir='ltr'>invidiam</span> <span class='ocrx_word' id='word_1_260' title='bbox 444 3077 475 3134; x_wconf 94' lang='lat' dir='ltr'>in</span> <span class='ocrx_word' id='word_1_261' title='bbox 493 3073 587 3134; x_wconf 92' lang='lat' dir='ltr'>bonos</span> <span class='ocrx_word' id='word_1_262' title='bbox 606 3075 754 3135; x_wconf 83' lang='lat' dir='ltr'>excitandi</span> <span class='ocrx_word' id='word_1_263' title='bbox 773 3086 889 3155; x_wconf 90' lang='lat' dir='ltr'>arrepta</span> <span class='ocrx_word' id='word_1_264' title='bbox 907 3079 1033 3157; x_wconf 87' lang='lat' dir='ltr'>imagine</span> <span class='ocrx_word' id='word_1_265' title='bbox 1048 3076 1118 3137; x_wconf 87' lang='lat' dir='ltr'>Cae·</span> 
     </span>
     <span class='ocr_line' id='line_1_34' title="bbox 113 3160 1118 3243; baseline 0.002 -21"><span class='ocrx_word' id='word_1_266' title='bbox 113 3164 200 3243; x_wconf 69' lang='lat' dir='ltr'>saris,</span> <span class='ocrx_word' id='word_1_267' title='bbox 225 3160 382 3240; x_wconf 87' lang='lat' dir='ltr'>libertique</span> <span class='ocrx_word' id='word_1_268' title='bbox 398 3163 496 3234; x_wconf 72' lang='lat' dir='ltr'>‚etiam</span> <span class='ocrx_word' id='word_1_269' title='bbox 520 3180 554 3222; x_wconf 92' lang='lat' dir='ltr'>ac</span> <span class='ocrx_word' id='word_1_270' title='bbox 577 3164 666 3243; x_wconf 91' lang='lat' dir='ltr'>servi,</span> <span class='ocrx_word' id='word_1_271' title='bbox 690 3172 815 3242; x_wconf 89' lang='lat' dir='ltr'>patrono</span> <span class='ocrx_word' id='word_1_272' title='bbox 838 3165 884 3224; x_wconf 84' lang='lat' dir='ltr'>vel</span> <span class='ocrx_word' id='word_1_273' title='bbox 907 3165 1025 3227; x_wconf 91' lang='lat' dir='ltr'>domino</span> <span class='ocrx_word' id='word_1_274' title='bbox 1049 3183 1118 3225; x_wconf 88' lang='lat' dir='ltr'>cum</span> 
     </span>
    </p>
   </div>
   <div class='ocr_carea' id='block_1_4' title="bbox 112 3383 1120 3595">
    <p class='ocr_par' dir='ltr' id='par_1_9' title="bbox 112 3383 1120 3595">
     <span class='ocr_line' id='line_1_35' title="bbox 182 3383 1118 3458; baseline 0.003 -21"><span class='ocrx_word' id='word_1_275' title='bbox 182 3383 232 3451; x_wconf 81' lang='lat' dir='ltr'>et,</span> <span class='ocrx_word' id='word_1_276' title='bbox 252 3389 286 3438; x_wconf 80' lang='lat'>32</span> <span class='ocrx_word' id='word_1_277' title='bbox 319 3384 397 3439; x_wconf 84' lang='lat' dir='ltr'>elusa</span> <span class='ocrx_word' id='word_1_278' title='bbox 420 3385 463 3438; x_wconf 77' lang='lat' dir='ltr'>est</span> <span class='ocrx_word' id='word_1_279' title='bbox 485 3383 669 3440; x_wconf 76' lang='lat' dir='ltr'>Freiuabeim:</span> <span class='ocrx_word' id='word_1_280' title='bbox 698 3384 831 3441; x_wconf 81' lang='lat' dir='ltr'>elusa.et</span> <span class='ocrx_word' id='word_1_281' title='bbox 852 3387 856 3456; x_wconf 92' lang='grc' dir='ltr'>Ι</span> <span class='ocrx_word' id='word_1_282' title='bbox 880 3387 964 3456; x_wconf 79' lang='lat'>35,1</span> <span class='ocrx_word' id='word_1_283' title='bbox 990 3385 1118 3458; x_wconf 84' lang='lat' dir='ltr'>proximo</span> 
     </span>
     <span class='ocr_line' id='line_1_36' title="bbox 112 3452 1117 3525; baseline 0.003 -18"><span class='ocrx_word' id='word_1_284' title='bbox 112 3452 295 3510; x_wconf 81' lang='lat' dir='ltr'>Freinabea&#39;m:</span> <span class='ocrx_word' id='word_1_285' title='bbox 313 3454 434 3525; x_wconf 88' lang='lat' dir='ltr'>proximi</span> <span class='ocrx_word' id='word_1_286' title='bbox 452 3455 487 3523; x_wconf 81' lang='lat' dir='ltr'>cf.</span> <span class='ocrx_word' id='word_1_287' title='bbox 505 3458 535 3523; x_wconf 82' lang='lat'>2,</span> <span class='ocrx_word' id='word_1_288' title='bbox 554 3457 598 3523; x_wconf 84' lang='lat'>33,</span> <span class='ocrx_word' id='word_1_289' title='bbox 618 3459 642 3509; x_wconf 87' lang='lat'>1.</span> <span class='ocrx_word' id='word_1_290' title='bbox 656 3458 684 3522; x_wconf 78' lang='lat'>2,</span> <span class='ocrx_word' id='word_1_291' title='bbox 700 3460 744 3523; x_wconf 81' lang='lat'>50,</span> <span class='ocrx_word' id='word_1_292' title='bbox 759 3460 795 3511; x_wconf 85' lang='lat'>10</span> <span class='ocrx_word' id='word_1_293' title='bbox 810 3459 814 3521; x_wconf 88' lang='grc' dir='ltr'>Ι</span> <span class='ocrx_word' id='word_1_294' title='bbox 830 3463 846 3511; x_wconf 82' lang='grc'>9</span> <span class='ocrx_word' id='word_1_295' title='bbox 864 3457 1034 3512; x_wconf 78' lang='lat' dir='ltr'>bandinius</span> <span class='ocrx_word' id='word_1_296' title='bbox 1054 3457 1117 3512; x_wconf 85' lang='lat' dir='ltr'>Jue.</span> 
     </span>
     <span class='ocr_line' id='line_1_37' title="bbox 114 3522 1120 3595; baseline 0.006 -18"><span class='ocrx_word' id='word_1_297' title='bbox 114 3522 280 3593; x_wconf 77' lang='lat' dir='ltr'>Gronovius,</span> <span class='ocrx_word' id='word_1_298' title='bbox 305 3525 381 3580; x_wconf 81' lang='lat' dir='ltr'>haud</span> <span class='ocrx_word' id='word_1_299' title='bbox 399 3525 490 3580; x_wconf 85' lang='lat' dir='ltr'>iustus</span> <span class='ocrx_word' id='word_1_300' title='bbox 509 3524 631 3595; x_wconf 61' lang='lat' dir='ltr'>(adiutos</span> <span class='ocrx_word' id='word_1_301' title='bbox 651 3526 721 3586; x_wconf 53' lang='lat' dir='ltr'>[effer</span> <span class='ocrx_word' id='word_1_302' title='bbox 738 3526 827 3570; x_wconf 64' lang='lat' dir='ltr'>bend*</span> <span class='ocrx_word' id='word_1_303' title='bbox 854 3527 870 3566; x_wconf 74' lang='grc'><strong>7</strong></span> <span class='ocrx_word' id='word_1_304' title='bbox 898 3527 923 3554; x_wconf 73' lang='lat'>&#39;⁷</span> <span class='ocrx_word' id='word_1_305' title='bbox 965 3528 1120 3584; x_wconf 77' lang='lat' dir='ltr'>Gronovius</span> 
     </span>
    </p>
   </div>
   <div class='ocr_carea' id='block_1_5' title="bbox 0 0 1200 3876">
    <p class='ocr_par' dir='ltr' id='par_1_10' title="bbox 0 0 1200 3876">
     <span class='ocr_line' id='line_1_38' title="bbox 0 0 1200 3876; baseline 0 0"><span class='ocrx_word' id='word_1_306' title='bbox 0 0 1200 3876; x_wconf 95' lang='lat' dir='ltr'> </span> 
     </span>
    </p>
   </div>
  </div>
 </body>
</html>
