2392 3876
107 185 175 250 280
459 181 629 238 CORNELII
645 180 764 237 recidi

107 341 191 413 ptum
204 335 252 394 ius
264 332 368 412 legatis
381 331 512 393 ducendi
524 334 555 392 in
569 331 693 393 hostem.
722 348 816 410 eoque
831 329 920 393 Frisii
933 333 1119 394 iuventutem

108 421 232 483 saltibus
246 428 298 482 aut
311 419 482 501 paludibus,
500 419 639 481 inbellem
658 426 784 481 aetatem
797 437 852 499 per
865 418 949 481 lacus
962 420 1120 481 admonere

108 511 190 591 ripae
214 528 359 590 agrosque
383 527 490 570 vacuos
513 516 544 570 et
566 508 693 569 militum
716 510 785 568 usui
808 510 954 587 sepositos
972 507 1121 590 insedere,

82 608 229 661 sauctore
244 598 359 659 Verrito
375 606 405 658 et
419 596 571 677 Malorige,
591 599 643 676 qui
660 599 811 657 nationem
829 614 894 657 eam
912 596 1069 677 regebant,
1089 599 1121 658 in

109 695 252 769 quantum
263 687 402 749 Germani
415 693 585 764 regnantur.
608 687 726 764 iamque
741 686 866 747 buerant
880 686 993 767 domos,
1006 688 1121 746 semina

108 780 186 838 arvis
204 776 367 838 intulerant
385 781 477 853 utque
494 775 624 853 patrium
643 773 739 835 solum
762 773 952 855 exercebant,
975 790 1044 834 eum
1063 773 1121 835 Du·

108 866 177 927 bius
202 864 319 944 Avitus,
346 869 466 940 accepta
494 880 511 922 a
533 861 654 922 Paulino
682 865 848 943 provincia,
874 862 1036 924 minitando
1062 863 1122 923 rim

109 954 284 1032 Romanam,
307 953 366 1012 nisi
387 949 582 1011 abscederent
600 950 689 1010 Frisii
707 959 822 1012 veteres
844 953 877 1012 in
897 950 976 1012 locos
997 956 1051 1011 aut
1071 969 1122 1012 no·

70 1061 96 1101 10
110 1059 176 1102 ram
192 1040 294 1102 sedem
312 1058 329 1100 a
347 1039 472 1100 Caesare
490 1041 687 1120 inpetrarent,
705 1040 836 1118 perpulit
849 1039 998 1101 Verritum
1017 1045 1049 1100 et
1063 1039 1121 1100 bla-

110 1130 233 1209 lorigem
251 1146 356 1208 preces
376 1129 537 1207 suscipere.
569 1129 754 1208 profectique
769 1127 892 1189 Romam
906 1128 976 1190 dum
991 1127 1058 1188 aliis
1072 1147 1122 1190 cu·

110 1221 153 1278 ris
170 1220 318 1279 intentum
335 1216 485 1278 Neronem
502 1218 711 1296 opperiuntur,
730 1219 809 1277 inter
827 1235 874 1297 es,
893 1235 968 1297 quae
987 1216 1124 1278 barbaris

111 1313 312 1386 ostentantur,
329 1307 477 1367 intravere
492 1305 614 1384 Pompei
632 1305 794 1385 theatrum,
813 1324 871 1384 quo
889 1305 1125 1384 magnitudinem

110 1396 214 1476 populi
231 1397 370 1456 viserent.
397 1394 458 1454 illic
476 1412 531 1473 per
549 1396 642 1455 otium
661 1387 773 1475 (neque
792 1396 872 1454 enim
889 1394 1013 1454 ludicris
1026 1395 1125 1472 ignari

72 1501 98 1544 ιε
112 1476 351 1567 oblectabantur)
366 1483 437 1545 dum
455 1499 629 1545 consessum
647 1501 766 1563 careae,
785 1482 956 1544 discrimina
975 1482 1125 1564 ordinum,

113 1577 180 1654 quis
190 1591 290 1654 eques,
300 1573 353 1634 ubi
362 1579 482 1634 senatus
491 1564 713 1652 percontantur,
723 1571 877 1633 advertere
888 1571 1031 1650 quosdam
1040 1571 1125 1632 cultu

113 1671 234 1724 externo
253 1660 423 1722 insedibus
443 1668 625 1741 senatorum,
650 1668 680 1721 et
699 1662 818 1739 quinam
837 1660 934 1721 iorent
952 1662 1125 1739 rogitantes,

111 1760 269 1832 postquam
279 1749 452 1811 audiverant
461 1767 563 1809 earnm
572 1751 705 1828 gentium
719 1748 823 1827 legatis
836 1748 867 1809 id
881 1746 1003 1808 honoris
1014 1747 1126 1828 datum,

114 1858 188 1919 qnae
203 1842 312 1900 virtute
331 1846 361 1899 et
379 1838 507 1900 amicitia
524 1837 656 1898 Romana
671 1837 897 1916 praecellerent,
921 1834 1020 1898 nullos
1048 1854 1127 1897 mor·

73 1946 99 1987 so
114 1929 218 1990 talium
236 1929 326 1988 armis
344 1935 396 1989 aut
414 1925 471 1987 lide
490 1933 557 1987 ante
572 1925 734 1987 Germanos
753 1944 819 1987 esse
838 1925 1002 1986 exclamant
1021 1925 1126 2002 degre-

114 2018 296 2095 diunturque
315 2023 345 2075 et
363 2017 441 2076 inter
455 2022 556 2093 patres
569 2014 737 2076 considunt.
766 2014 844 2092 quod
859 2015 984 2074 comiter
998 2031 1015 2073 a
1029 2015 1128 2074 risen·

113 2103 194 2166 tibus
217 2111 387 2182 exceptum,
411 2105 496 2181 quasi
517 2104 647 2181 impetus
669 2104 785 2180 antiqui
807 2109 837 2164 et
859 2100 936 2162 bona
959 2100 1129 2162 aemulatio.

113 2192 191 2252 Nero
206 2193 325 2251 civitate
338 2189 469 2251 Romana
483 2189 585 2251 ambos
599 2190 731 2270 donarit,
750 2190 863 2251 Frisios
881 2189 1026 2250 decedere
1045 2191 1129 2268 agris

113 2282 209 2341 iussit.
238 2286 326 2357 atque
344 2277 403 2339 illis
422 2277 649 2357 aspernantibus
664 2278 814 2340 auxiliaris
829 2296 921 2358 eques
935 2285 1060 2357 repente
1074 2281 1129 2338 im·

74 2384 100 2426 es
114 2370 224 2429 missus
247 2369 454 2427 necessitatem
477 2365 587 2448 attulit,
610 2368 704 2445 captis
722 2369 853 2428 caesisve
873 2369 923 2445 qui
942 2368 1130 2445 pervicacius

114 2459 294 2519 restiterant.

182 2542 233 2608 55.
253 2544 380 2605 Eosdem
398 2561 485 2622 agros
503 2544 680 2622 Ampsivarii
698 2560 893 2622 occupavere,
912 2542 1035 2603 validior
1055 2559 1129 2621 gens

115 2654 175 2697 non
190 2634 277 2696 modo
291 2651 345 2694 sua
359 2634 452 2713 copia,
466 2631 518 2692 sed
532 2632 730 2693 adiacentium
736 2630 917 2710 populorum
927 2632 1131 2710 miseratione,

117 2726 186 2803 quia
202 2722 282 2802 pulsi
300 2739 317 2782 a
335 2719 460 2782 Chaucis
479 2728 510 2781 et
528 2720 608 2782 sedis
626 2721 847 2799 inopestutum
860 2719 982 2780 erilium
995 2718 1128 2779 orabant.

115 2811 276 2889 aderatque
299 2811 337 2869 iis
360 2808 458 2871 clarus
480 2827 535 2889 per
553 2808 618 2870 illas
636 2816 740 2888 gentes
759 2816 790 2869 et
808 2807 893 2869 nobis
913 2826 1030 2888 quoque
1050 2808 1131 2869 fidus
1148 2850 1152 2856 -

89 2914 102 2955 s
117 2900 236 2960 nomine
250 2897 419 2978 Boiocalus,
438 2901 571 2959 vinctum
590 2915 622 2958 se
637 2896 798 2957 rebellione
813 2896 962 2958 Cherusca
976 2899 1062 2957 iussu
1076 2896 1129 2955 br·

115 2988 201 3049 minii
222 2986 370 3065 referens,
393 3005 461 3046 mox
479 2986 611 3065 Tiberio,
635 2984 810 3055 Germanico
832 2985 959 3048 ducibus
983 2984 1130 3063 stipendia

117 3077 275 3154 meruisse,
294 3080 325 3134 et
339 3076 552 3154 quinquaginta
566 3091 710 3134 annorum
725 3073 868 3154 obsequio
889 3073 919 3134 id
941 3091 1060 3152 quoque
1081 3072 1131 3132 ad-

183 3245 233 3314 hs,
252 3251 269 3300 5
285 3242 404 3299 melorie
422 3247 448 3312 (1
467 3248 512 3311 nt)
537 3242 605 3312 quia
629 3246 634 3313 Ι
659 3249 675 3298 9
746 3243 805 3316 'iq
824 3244 972 3299 Acidalirre
987 3244 992 3312 l
1009 3249 1043 3297 10
1061 3240 1132 3296 mel-

115 3315 236 3388 lorigem
256 3320 260 3384 l
281 3321 314 3370 11
333 3312 509 3385 profecitque
529 3319 593 3369 ios
619 3317 624 3384 Ι
650 3319 684 3370 18
713 3331 797 3384 egum
816 3317 876 3382 (nm
892 3313 926 3368 irs
942 3316 1054 3380 rasura)
1074 3311 1105 3366 id
1125 3310 1130 3384 1

117 3394 150 3442 11
169 3389 264 3458 perles
280 3390 286 3455 Ι
305 3392 339 3441 22
359 3383 512 3440 aemulatio
534 3385 698 3441 Rhodanum
722 3383 914 3441 eemulntions
945 3385 951 3452 Ι
979 3384 1032 3450 55,
1051 3390 1068 3437 4
1086 3380 1132 3436 his

119 3457 306 3530 ibboionlus
333 3462 402 3512 lm.
428 3458 432 3524 Ι
458 3454 703 3511 coenomanico
732 3459 768 3508 αῖ.
815 3469 833 3507 υ
862 3453 1005 3509 ‘th'tter
1028 3456 1033 3522 1
1060 3458 1075 3507 ’l
1104 3453 1136 3507 et

117 3547 166 3586 om.
188 3532 223 3586 nl,
