2392 3876
110 170 136 245 8,
461 164 768 221 conunsnmcrrr

108 316 190 377 velut
208 314 375 376 excusando
394 313 596 394 exprobraret.
628 323 762 376 ceterum
781 315 935 394 sepultura
952 335 1036 379 more
1055 337 1123 398 per-

109 404 343 486 iectatemplum
358 411 388 465 et
402 403 545 464 caelestes
559 403 718 482 religiones
732 404 942 466 decernuntur.

178 491 227 554 11.
246 492 354 570 Versae
373 492 442 552 inde
461 492 496 552 ad
518 490 671 552 Tiberium
694 510 808 569 preces.
845 501 876 554 et
892 493 943 555 ille
961 497 1043 556 varie
1063 497 1122 557 dis

110 581 228 642 serebat
246 580 282 641 de
300 579 502 659 magnitudine
526 582 657 660 imperii,
681 598 734 641 sua
756 581 908 643 modestia.
945 582 1038 644 solam
1061 586 1123 645 divi

109 669 235 748 Augusti
257 677 386 730 mentem
405 676 503 730 tantae
521 669 608 730 molis
621 686 778 748 ⁸capacem:
800 687 834 730 se
853 673 883 731 in
902 679 1017 749 partem
1037 690 1122 734 cura

109 776 176 819 rum
200 756 235 818 ab
259 757 309 818 illo
332 765 467 818 vocatum
495 757 674 836 experiendo
702 757 841 818 didicisse
869 776 957 837 quam
985 761 1123 839 arduum,

82 861 198 926 squam
217 845 384 907 subiectum
403 847 539 906 fortunae
557 845 679 923 regendi
698 854 804 907 cuneta
823 865 907 907 onus.
939 849 1066 926 proinde
1090 851 1123 909 in

109 937 227 995 civitate
246 942 291 994 tot
308 933 484 994 inlustribus
498 935 570 994 viris
585 933 710 995 subnixa
725 952 784 994 non
798 934 835 995 ad
849 953 942 996 unum
957 939 1058 998 omnia
1071 938 1122 999 de·

110 1023 236 1082 ferrent:
255 1021 356 1100 plures
376 1022 491 1082 facilius
510 1025 611 1082 munia
625 1024 670 1082 rei
683 1022 819 1101 publicae
835 1025 953 1084 sociatis
968 1023 1123 1087 laboribus

109 1119 312 1172 exsecuturos.
339 1111 406 1190 plus
425 1113 456 1170 in
471 1113 605 1171 oratione
619 1111 671 1171 tali
685 1110 837 1189 dignitatis
851 1130 939 1191 quam
957 1113 1028 1174 fidei
1043 1123 1122 1193 erat3

109 1198 289 1277 Tiberioque
309 1202 395 1259 etiam
415 1202 445 1258 in
464 1198 568 1279 rebus,
587 1217 660 1278 quas
678 1218 738 1260 non
757 1200 920 1281 occuleret,
939 1219 992 1261 seu
1011 1210 1122 1264 natura

70 1303 96 1342 10
110 1290 170 1348 sive
195 1287 403 1366 adsuetudine,
427 1305 570 1367 suspensa
593 1305 710 1365 semper
729 1296 760 1349 et
777 1287 904 1350 obscura
922 1288 1025 1350 verba:
1046 1299 1123 1353 tunc

110 1393 180 1436 vero
200 1377 319 1456 nitenti,
339 1383 372 1436 ut
386 1393 491 1436 sensus
506 1394 576 1436 suos
589 1379 709 1454 penitus
724 1376 858 1457 abderet,
877 1379 908 1437 in
922 1379 1072 1439 incertum
1089 1390 1122 1440 et

109 1463 279 1544 ambiguum
293 1465 385 1542 magis
399 1463 632 1543 implicabantur.
662 1470 692 1525 at
705 1475 819 1545 patres,
839 1464 948 1544 quibus
964 1484 1044 1527 unus
1059 1485 1122 1528 me·

110 1562 168 1632 tus,
182 1555 207 1613 si
221 1552 392 1631 intellegere
402 1553 583 1630 viderentur,
597 1555 626 1612 in
638 1562 761 1631 questus
773 1553 908 1614 lacrimas
918 1562 984 1614 vota
994 1554 1123 1636 effundi,

110 1641 145 1701 ad
158 1641 242 1722 deos,
257 1640 292 1701 ad
308 1642 435 1720 effigiem
445 1640 584 1721 Augusti,
598 1640 633 1701 ad
649 1660 744 1720 genua
757 1645 851 1722 ipsius
866 1660 970 1703 manus
985 1641 1124 1725 tendere,

69 1745 95 1785 ιιι
109 1749 177 1791 cum
196 1731 325 1810 prolerri
343 1729 474 1790 libellum
492 1731 670 1808 recitarique
687 1731 783 1790 iussit.
811 1736 882 1809 opes
892 1729 1033 1823 publicae
1048 1749 1120 1792 oon·

110 1819 290 1896 linebantur,
305 1826 447 1894 quantum
457 1819 566 1878 civium
577 1820 784 1895 sociorumque
797 1820 827 1877 in
843 1821 945 1899 armis,
960 1827 1033 1897 quot
1047 1818 1124 1881 clas·

110 1910 172 1986 ses,
188 1910 291 1985 re‘gna,
306 1907 489 1987 provinciae,
505 1904 617 1967 tributa
631 1914 682 1967 aut
694 1905 860 1987 vectigalia,
879 1916 909 1966 et
923 1906 1123 1970 necessitates

109 2012 143 2054 ac
161 1993 340 2071 largitiones.
361 2012 436 2073 quae
448 2002 554 2056 cuncta
569 2013 622 2055 sua
636 2012 724 2056 manu
739 1997 954 2074 perscripserat
963 1995 1122 2073 Augustus

110 2080 320 2160 addideratque
335 2083 489 2143 consilium
505 2083 663 2144 coercendi
676 2085 755 2145 intra
768 2086 913 2144 terminos
927 2085 1060 2164 imperii,
1074 2086 1123 2145 in·

70 2185 97 2225 ιο
110 2179 226 2230 certum
240 2179 322 2231 metu
336 2188 372 2232 an
387 2189 441 2250 per
455 2171 602 2231 invidiam.
849 2221 851 2224 .

179 2255 228 2319 12.
251 2257 332 2319 lnter
347 2277 421 2338 quae
441 2267 544 2320 senatu
561 2258 596 2320 ad
615 2259 731 2319 intimas
750 2260 962 2321 obtestationes
980 2276 1124 2338 procum-

110 2346 212 2427 bente,
231 2347 304 2407 dixit
318 2347 394 2408 forte
408 2346 546 2408 Tiberius
560 2366 593 2408 se
606 2355 641 2408 ut
654 2365 714 2406 non
728 2350 785 2409 toti
798 2351 843 2409 rei
858 2347 992 2427 publicae
1007 2364 1125 2431 parem,

109 2437 150 2496 ita
159 2453 363 2514 quaecumque
372 2454 441 2514 pars
453 2435 510 2496 sibi
524 2435 722 2515 mandaretur,
743 2438 808 2496 eius
822 2435 945 2496 tutelam
959 2445 1121 2515 susceptu·

110 2543 186 2585 rum.
217 2531 281 2584 tum
299 2525 419 2599 Asinius
438 2522 537 2584 Gallus
555 2518 729 2602 ‘interrogo'
748 2525 860 2603 inquit,
879 2518 1011 2602 ‘Caesam
1031 2543 1125 2603 quam

83 2622 225 2693 spartem
244 2615 289 2672 rei
306 2610 441 2691 publicae
456 2610 589 2672 mandari
607 2605 768 2673 tibi‘velis'.
795 2610 951 2690 perculsus
969 2614 1126 2690 inprovisa

110 2703 341 2780 interrogatione
360 2699 480 2778 paulum
499 2702 632 2762 reticuit:
653 2699 721 2760 dein
739 2697 862 2759 collecto
881 2702 978 2760 animo
997 2718 1125 2779 respon·

111 2790 154 2851 dit
167 2806 354 2868 nequaquam
369 2788 511 2848 decorum
525 2788 633 2867 pudori
647 2807 701 2850 suo
714 2787 813 2866 legere
824 2788 933 2866 aliquid
949 2795 999 2848 aut
1009 2792 1126 2853 evitare

112 2897 147 2938 ex
162 2896 206 2958 eo,
220 2881 269 2938 cui
283 2880 313 2937 in
328 2879 500 2938 universum
515 2879 651 2938 excusari
666 2876 772 2937 mallet.
800 2894 921 2937 rursum
931 2875 1030 2936 Gallus
1044 2870 1126 2960 (ete-

112 2969 173 3027 nim
187 2965 270 3027 vultu
287 2965 480 3026 offensionem
497 2960 727 3045 coniectaverat)
747 2981 806 3024 non
825 2963 937 3024 idcireo
957 2967 1126 3046 interroga-

72 3072 98 3113 ιο
112 3065 176 3116 tum
190 3056 238 3128 ait,
253 3062 287 3114 ut
297 3052 443 3114 divideret
453 3071 528 3132 qnae
541 3054 672 3132 separari
686 3053 854 3132 nequirent,
869 3050 921 3111 sed
935 3062 969 3112 ut
984 3070 1036 3112 sua
1052 3073 1126 3116 oon·

113 3145 241 3205 sessione
261 3143 449 3221 argueretur,
472 3159 565 3202 unum
586 3159 651 3201 esse
675 3138 876 3218 reipublicae
900 3158 1009 3219 corpus
1032 3150 1128 3220 atque

113 3229 491 3309 uniusanimoregendum.
513 3228 624 3289 addidit
638 3227 754 3288 laudem
765 3226 801 3286 de
811 3227 943 3304 Augusto
954 3228 1126 3292 Tiberium-

114 3339 171 3400 que
186 3324 284 3401 ipsum
295 3320 485 3379 victoriarum
501 3334 622 3377 suarum
633 3333 766 3395 quaeque
781 3316 812 3374 in
827 3322 894 3394 toga
908 3334 962 3395 per
977 3326 1020 3378 tot
1029 3336 1129 3381 annos

186 3507 231 3576 12,
252 3515 285 3563 10
305 3506 354 3561 sed
372 3508 405 3561 ut
423 3505 551 3576 Lipsius:
570 3502 620 3558 sed
640 3504 669 3557 et
687 3504 736 3572 (on
755 3503 805 3557 sed
823 3506 855 3557 ui
873 3504 902 3558 et
920 3503 946 3572 2)
