2392 3876
259 182 307 237 AB
320 181 486 285 ,EXCESSU
503 181 659 238 AUGUSTI
677 183 750 239 XIV.
771 190 882 239 16-20.
1008 184 1073 249 293

65 333 142 393 Nero
157 331 281 411 probata
295 331 449 392 Strabonis
465 334 624 412 sententia,
645 350 677 393 se
696 331 788 394 nihilo
803 334 902 395 minus
916 332 1073 395 subvenire

66 423 155 482 sociis
169 429 199 482 et
212 428 355 499 usurpata
370 420 534 482 concedere
548 420 710 501 rescripsit.

134 507 183 571 19.
204 509 376 587 Sequuntur
395 511 525 570 virorum
544 509 714 571 inlustrium
733 517 857 590 mortes,
876 509 996 570 domitii
1010 511 1074 571 Alri

66 609 96 660 et
110 598 146 658 M.
163 598 291 677 Servilii,
311 600 362 677 qui
381 601 505 659 summis
523 596 686 660 honoribus
700 608 730 659 et
743 598 834 659 multa
851 597 1018 679 eloquentia
1033 601 1074 658 vi·

66 695 200 768 gueraut,
213 687 262 747 ille
277 687 387 748 orando
402 705 514 768 causas,
530 686 672 748 Servilius
686 688 738 748 diu
752 688 825 769 loro,
841 706 910 748 mox
923 686 1074 749 tradendis

66 777 156 837 rebus
177 776 316 837 Romanis
335 775 461 836 celebris
480 784 510 837 et
528 774 671 853 elegantia
694 778 783 856 vitae,
808 794 896 855 quarn
919 775 1074 837 clariorem

67 866 176 944 ellecit,
191 873 225 925 ut
239 883 292 942 par
306 866 438 944 ingenio,
453 866 494 924 ita
507 881 624 925 morum
639 866 782 926 diversus.
1088 879 1102 921 5

133 951 184 1014 20.
198 953 315 1013 Nerone
330 959 469 1031 quartum
478 951 614 1013 Cornelio
624 952 714 1014 Cosso
725 948 898 1016 consulibus
911 956 1075 1034 quinquen-

68 1042 132 1102 nale
150 1040 299 1101 ludicrum
313 1039 423 1101 Romae
441 1042 610 1101 institutum
625 1043 719 1103 estad
734 1045 847 1105 morena
862 1043 967 1104 Graeci
981 1050 1074 1104 certa-

67 1132 168 1209 minis,
186 1131 267 1190 varia
284 1129 372 1208 lama,
392 1136 426 1190 ut
444 1136 551 1191 cuncta
569 1130 661 1191 lerme
680 1148 763 1192 nova.
800 1135 909 1211 quippe
926 1139 1011 1193 erant
1025 1133 1076 1211 qui

55 1219 200 1301 ,Gnaeum
219 1236 337 1297 quoque
355 1217 528 1296 Pompeium
546 1220 713 1280 incusatum
732 1237 748 1280 a
767 1220 935 1281 senioribus
954 1221 1087 1303 ferrent,¹

68 1308 146 1387 quod
161 1324 330 1368 mansuram
345 1305 453 1367 theatri
462 1306 562 1366 sedem
571 1310 728 1385 posuisset.
752 1326 820 1370 nam
830 1316 914 1369 antea
925 1309 1076 1369 subitariis
1090 1323 1103 1364 1

69 1396 208 1475 gradibus
228 1403 258 1457 et
276 1412 381 1456 scaena
399 1396 431 1455 in
448 1402 567 1473 tempus
586 1402 698 1456 structa
721 1394 807 1456 ludos
826 1396 872 1456 edi
893 1397 1007 1475 solitos,
1031 1396 1077 1456 vel

70 1488 95 1545 si
114 1485 274 1545 vetustiora
293 1490 423 1562 repetas,
447 1491 574 1544 stantem
596 1483 738 1564 populum
761 1486 953 1564 spectavisse,
977 1502 1027 1563 ne,
1052 1487 1078 1544 si

69 1572 237 1635 consideret
251 1572 375 1652 theatro,
390 1571 453 1633 dies
467 1579 545 1633 totos
559 1573 673 1650 ignavia
682 1574 878 1633 continuaret.
897 1571 1077 1651 spectaculo-

69 1681 136 1723 rum
151 1661 271 1740 quidem
280 1662 439 1740 antiquitas
449 1670 627 1740 servaretur,
638 1663 775 1739 quotiens
784 1668 936 1740 praetores
946 1661 1078 1742 ederent,
1098 1676 1101 1681 ·

69 1750 149 1811 nulla
163 1751 302 1828 cuiquam
316 1751 424 1809 civium
438 1751 614 1810 necessitate
628 1750 769 1810 certandi.
803 1758 935 1811 ceterum
953 1749 1077 1811 abolitos
1092 1765 1117 1805 ro

10 1830 12 1838 ’
70 1838 210 1918 paulatim
223 1839 335 1916 patrios
348 1855 448 1898 mores
461 1838 595 1899 funditus
609 1840 702 1899 everti
716 1856 769 1917 per
784 1840 906 1899 accitam
920 1837 1077 1918 lasciviam,

70 1936 104 1989 ut
118 1928 196 2006 quod
210 1943 336 2006 usquam
350 1928 502 2005 corrumpi
519 1934 550 1988 et
568 1944 759 2007 corrumpere
774 1934 875 2007 queat,
894 1929 926 1986 in
944 1926 1018 1988 urbe
1037 1928 1077 1986 vi-

71 2024 165 2097 satur,
189 2016 407 2095 degeneretque
430 2016 538 2076 studiis
556 2016 687 2076 externis
704 2017 857 2095 iuventus,
881 2016 1029 2093 gymnasia
1048 2022 1079 2075 et

70 2108 128 2166 otia
143 2113 173 2166 et
186 2113 291 2183 turpes
305 2121 420 2164 amores
435 2104 612 2184 exercendo,
631 2105 765 2182 principe
784 2111 815 2164 et
833 2110 937 2164 senatu
952 2105 1077 2163 auctori-

60 2194 139 2281 111,
163 2195 215 2273 qui
232 2211 291 2252 non
309 2191 397 2253 modo
411 2191 560 2254 licentiam
574 2194 654 2254 vitiis
667 2193 871 2273 permiserint,
890 2191 942 2253 sed
956 2193 1016 2252 viru
1030 2191 1077 2252 ad·
1093 2206 1118 2248 15

70 2281 203 2359 hibeant,
221 2288 256 2341 ut
272 2298 413 2359 proceres
427 2280 553 2341 Romani
572 2283 670 2360 specie
690 2283 856 2343 orationum
870 2288 900 2341 et
914 2282 1079 2341 carminum

72 2387 176 2431 scaena
195 2367 372 2447 polluantur.
405 2369 477 2447 quid
496 2387 666 2448 superesse,
689 2371 747 2429 nisi
766 2376 799 2430 ut
817 2387 942 2447 corpora
961 2387 1079 2448 quoque

71 2458 185 2518 nudent
199 2463 229 2516 et
243 2463 360 2517 caestus
375 2455 530 2524 adsumant
544 2475 651 2536 easque
670 2474 784 2536 pugnas
802 2473 858 2535 pro
872 2455 976 2517 militia
991 2463 1021 2516 et
1035 2474 1079 2516 ar·

71 2549 127 2606 mis
142 2541 345 2605 meditentur?
358 2561 396 2604 au
409 2545 553 2604 iustitiam
567 2552 687 2605 auctum
700 2546 738 2604 iri
752 2551 783 2604 et
796 2544 932 2605 decurias
946 2545 1080 2621 equitum

72 2635 223 2712 egregium
237 2631 387 2692 iudicandi
400 2649 509 2692 munus
518 2634 623 2693 melius
636 2629 813 2710 expleturas,
827 2633 854 2691 si
867 2632 977 2691 fractos
992 2648 1079 2691 sonos
1094 2647 1120 2688 so

73 2730 102 2783 et
120 2720 307 2781 dulcedinem
326 2737 431 2781 vocum
450 2721 545 2798 perite
568 2715 741 2780 audissent?
771 2725 874 2780 noctes
894 2737 1012 2799 quoque
1031 2719 1080 2780 de·

72 2811 174 2870 decori
187 2808 324 2888 adiectas,
334 2826 371 2868 ne
382 2807 460 2886 quod
470 2815 587 2886 tempus
601 2807 708 2886 pudori
718 2806 911 2888 relinquatur,
926 2808 977 2869 sed
993 2818 1080 2869 coetu

72 2900 229 2978 promisco,
243 2897 322 2976 quod
336 2896 555 2976 perditissimus
570 2899 696 2976 quisque
711 2914 765 2975 per
779 2895 858 2957 diem
868 2899 1081 2978 concupiverit,

71 3005 125 3068 per
139 2984 277 3048 tenebras
291 2984 406 3046 audeat.

143 3103 187 3172 18,
207 3110 239 3157 11
258 3101 333 3156 Nero
354 3101 488 3158 Pictore:
506 3118 542 3156 ne
566 3105 571 3172 1
598 3107 629 3157 12
648 3101 793 3171 rescripsit
810 3103 917 3158 Haase:
941 3101 1056 3171 scripsit
1075 3103 1079 3174 1

71 3175 117 3243 20,
134 3182 148 3229 1
163 3176 272 3242 quarto,
291 3191 338 3229 cm.
355 3173 526 3229 Puteolanus
541 3173 545 3244 1
563 3180 626 3228 111
646 3174 720 3229 Med.
735 3174 815 3229 autu
822 3179 887 3243 post
905 3172 1083 3236 continuaret

12 3287 15 3295 .
74 3247 78 3316 1
99 3253 114 3302 9
133 3248 277 3315 praetores
297 3243 412 3298 ederent
429 3243 556 3314 Lipsius:
575 3245 690 3314 premor
709 3244 819 3298 sederet
837 3245 960 3314 (praetor
978 3245 1082 3314 praesi-

73 3316 152 3372 deret
169 3317 269 3385 Ritter)
286 3317 290 3383 1
308 3321 339 3369 11
359 3315 596 3395 11111111·ιί11111
611 3317 616 3384 1
633 3322 665 3370 16
694 3317 726 3370 11
748 3317 812 3371 add.
831 3317 902 3373 idem
918 3320 922 3382 1
940 3321 971 3369 l'l
992 3314 1080 3396 11111

74 3392 106 3442 19
126 3386 264 3442 iustitiam
283 3387 395 3440 auctum
413 3384 450 3438 in
468 3386 597 3455 Mudeip:
620 3385 731 3440 iustitia
750 3384 861 3454 augurii
880 3384 966 3456 (iustu
985 3401 1082 3453 augeri
1152 3414 1154 3416 ·

72 3456 198 3528 Lipsius)
215 3456 384 3526 1201111111
403 3457 466 3513 add.
480 3457 621 3513 Premmer
637 3459 641 3526 1
657 3456 826 3527 expleturos,
844 3473 893 3513 em.
911 3455 947 3513 Ii.
967 3456 1083 3526 Seyffert

75 3528 78 3600 1
100 3533 133 3583 23
153 3526 313 3599 conceperit
329 3528 476 3584 Acidotius
