2392 3876
104 203 126 266 4
454 198 623 256 CORNELII
640 199 762 256 ΤΑΟΙΤΙ

104 352 175 412 visis
191 354 266 430 quae
280 357 398 428 tempus
412 348 549 409 monebat
563 348 653 409 simul
667 351 831 412 excessisse
846 350 1013 429 Augustum
1026 360 1059 412 et
1072 369 1118 413 re-

104 458 171 500 rum
185 440 276 518 potiri
289 437 437 498 Neronem
451 438 526 498 lama
541 437 645 498 eadem
660 437 736 499 tulit.

171 525 200 588 6.
210 527 343 587 Primum
352 527 466 586 lacinus
477 527 546 586 novi
560 527 745 604 principatus
756 527 812 587 luit
820 522 958 588 Postumi
967 528 1118 608 Agrippae

105 616 219 694 caedes,
238 633 327 695 quem
347 616 483 692 ignarum
497 616 704 693 inermumque
721 617 854 695 quamvis
868 616 1002 677 firmatus
1018 620 1119 678 animo

105 706 240 766 centurio
260 721 346 781 aegre
368 699 506 763 confecit.
538 701 610 761 nihil
631 703 667 762 de
687 721 721 762 ea
739 721 772 763 re
787 703 925 764 Tiberius
940 705 1017 783 apud
1034 724 1120 768 sena-

105 800 168 854 tum
183 793 339 852 disseruit:
357 793 451 869 patris
472 793 553 851 iussa
568 790 732 870 simulabat,
751 791 859 869 quibus
873 795 1120 872 praescripsisset

77 881 226 942 stribuno
246 879 397 939 custodiae
417 879 558 959 adposito,
578 897 615 938 ne
636 887 827 940 cunctaretur
841 880 1001 960 Agrippam
1020 892 1120 944 morte

106 969 242 1048 adlicere,
261 967 437 1046 quaudoque
452 970 516 1045 ipse
530 985 703 1046 supremum
718 968 796 1028 diem
810 968 996 1047 explevisset.
1024 970 1121 1032 multa

107 1059 170 1123 sine
191 1056 281 1117 dubio
301 1074 445 1136 saevaque
459 1057 610 1135 Augustus
629 1057 666 1116 de
685 1056 817 1117 moribus
832 1057 1031 1118 adulescentis
1047 1068 1121 1139 que-

106 1153 179 1225 stus,
201 1153 235 1205 ut
249 1145 370 1205 exilium
384 1145 449 1205 eius
463 1152 584 1205 senatus
598 1145 734 1207 consulto
749 1147 923 1226 sanciretur,
937 1148 1121 1224 perfecerat:

106 1242 239 1295 ceterum
249 1235 279 1293 in
288 1233 398 1293 nullius
409 1250 548 1312 umquam
558 1247 681 1294 suorum
691 1234 926 1314 necemduravit,
934 1253 1031 1314 neque
1040 1254 1121 1296 mor·

68 1338 93 1378 ro
107 1332 167 1383 tem
181 1324 283 1401 nepoti
296 1340 350 1399 pro
361 1324 520 1382 securitate
534 1323 662 1400 privigni
672 1320 792 1382 inlatam
801 1322 942 1383 credibile
953 1330 1024 1384 erat.
1051 1343 1121 1403 pro-

106 1413 174 1489 pius
188 1428 257 1470 vero
268 1409 422 1470 Tiberium
436 1428 469 1470 ao
484 1408 604 1490 Liviam,
619 1410 702 1471 illum
713 1418 806 1490 metu,
820 1410 897 1472 hauc
912 1405 1122 1474 novercalibus

106 1499 191 1579 odiis,
206 1501 338 1577 suspecti
352 1506 383 1558 et
395 1499 484 1558 invisi
494 1500 609 1559 iuvenis
620 1499 740 1560 caedem
750 1500 943 1560 festinavisse
967 1503 1121 1563 nuntianti

107 1589 283 1669 centurioni,
298 1596 332 1648 ut
345 1605 408 1647 mos
423 1586 553 1666 militiae,
570 1588 681 1648 lactum
695 1606 760 1649 esse
776 1589 854 1669 quod
868 1590 1054 1670 imperasset,
1070 1609 1120 1652 ne·

106 1695 165 1755 que
183 1679 344 1754 imperasse
364 1693 429 1735 sese
449 1683 479 1736 et
496 1677 641 1735 rationem
663 1677 732 1736 lacti
746 1677 926 1738 reddendam
941 1678 1019 1756 apud
1035 1697 1121 1740 sena·

67 1779 93 1821 rs
106 1772 170 1825 tum
188 1764 350 1842 respondit.
384 1764 463 1843 quod
481 1770 640 1843 postquam
654 1763 812 1825 Sallustius
827 1765 949 1844 Crispus
967 1769 1123 1847 particeps

106 1861 290 1915 secretorum
306 1847 346 1934 (is
361 1852 395 1912 ad
411 1852 564 1913 tribunum
579 1853 700 1914 miserat
714 1850 880 1933 codicillos)
891 1857 1045 1935 comperit,
1060 1875 1122 1918 me-

106 1948 193 2000 tuens
208 1958 245 1999 ne
259 1958 329 2000 reus
344 1940 530 2022 subderetur,
545 1943 626 2002 iuxta
639 1939 807 2020 periculoso
822 1942 890 2003 ficta
905 1961 957 2004 seu
968 1961 1038 2003 vera
1052 1963 1122 2023 pro·

105 2035 208 2108 meret,
223 2031 338 2088 monuit
347 2029 459 2090 Liviam
469 2049 506 2090 ne
516 2048 622 2092 aroana
634 2031 749 2111 domus,
763 2049 801 2091 ne
811 2031 934 2092 consilia
944 2033 1121 2116 amicorum,

107 2118 270 2177 ministeria
284 2117 411 2178 militum
425 2118 625 2200 vulgarentur,
645 2138 718 2180 neve
732 2116 870 2181 Tiberius
890 2123 948 2180 vim
967 2121 1119 2200 principa·

67 2220 94 2259 ro
107 2212 156 2265 tus
170 2204 333 2265 resolveret
347 2213 453 2266 cuncta
468 2206 503 2266 ad
519 2216 655 2268 senatum
670 2209 811 2270 vocando:
833 2227 897 2268 eam
912 2208 1121 2271 condicionem

106 2311 171 2353 esse
186 2293 359 2373 imperandi,
379 2302 412 2354 ut
431 2313 490 2354 uon
509 2295 594 2355 aliter
609 2298 684 2356 ratio
700 2304 824 2377 constet,
840 2315 928 2376 quam
943 2299 969 2357 si
983 2299 1037 2357 uni
1051 2299 1122 2359 red-

106 2382 203 2443 datur.

174 2467 202 2530 7.
221 2470 259 2530 At
272 2470 381 2530 Romae
397 2488 484 2534 ruere
503 2473 535 2530 in
554 2475 708 2533 servitium
722 2471 868 2553 consules,
888 2481 996 2555 patres,
1016 2492 1123 2553 eques,

107 2567 216 2638 quanto
232 2561 299 2637 quis
314 2557 477 2638 inlustrior,
491 2566 573 2619 tanto
587 2563 681 2639 magis
695 2559 761 2620 lalsi
775 2579 809 2620 ao
824 2561 1006 2642 festinantes,
1021 2563 1124 2625 vultu-

107 2665 165 2725 que
180 2648 352 2726 composito,
372 2666 409 2707 ne
428 2646 497 2707 laeti
516 2666 641 2710 excessu
659 2650 804 2727 principis
818 2667 877 2709 neu
892 2652 1039 2710 tristiores
1059 2656 1123 2730 pri-

107 2735 234 2815 mordio,
257 2735 392 2796 lacrimas
411 2736 565 2816 gaudium,
587 2746 710 2815 questus
729 2737 927 2798 adulationem
946 2739 1123 2801 miscebant.

80 2822 174 2882 ⁵Sex.
198 2822 357 2901 Pompeius
380 2831 411 2884 et
435 2823 501 2884 Sex.
520 2823 682 2902 Appuleius
706 2827 844 2888 consules
864 2828 953 2906 primi
975 2829 1006 2886 in
1030 2828 1125 2890 verba

107 2910 220 2970 Tiberii
240 2911 374 2971 Caesaris
397 2915 546 2991 iuravere,
570 2914 707 2992 apudque
732 2933 783 2974 eos
803 2910 889 2974 Seiu's
910 2913 1015 2975 Strabo
1041 2924 1071 2977 et
1091 2917 1124 2979 C.

107 2999 285 3080 Turranius,
308 2999 357 3059 ille
375 3002 592 3078 praetoriarum
611 3002 777 3062 cohortium
798 3003 980 3083 praelectus,
1002 3003 1051 3064 bic
1071 3023 1125 3067 an·

108 3106 312 3167 uouae;.mox
342 3097 463 3149 senatus
487 3089 631 3167 milesque
655 3096 686 3148 et
712 3087 848 3165 populus.
890 3107 957 3149 nam
981 3091 1125 3154 Tiberius

109 3185 216 3236 cuncta
235 3193 289 3254 per
308 3175 445 3236 eonsules
464 3175 636 3257 incipiebat,
661 3184 810 3253 tamquam
829 3185 928 3237 vetere
948 3197 981 3241 re
1001 3179 1126 3256 publica

69 3277 95 3318 ro
109 3272 139 3323 et
153 3264 309 3342 ambiguus
324 3264 502 3341 imperandi:
526 3283 563 3325 ne
585 3263 716 3324 edictum
735 3264 868 3345 quidem,
893 3283 951 3344 quo
970 3275 1072 3344 patres
1092 3273 1126 3331 in

181 3469 206 3535 a,
221 3475 237 3522 a
251 3468 361 3524 erasum
377 3473 382 3538 l
397 3469 618 3525 cunctationem
628 3467 846 3527 ulammaus:
867 3443 1028 3524 eductione
1042 3471 1126 3541 (aaa.

109 3536 231 3592 lotiones
250 3541 339 3611 Lips.)
356 3543 360 3611 Ι
377 3546 393 3595 5
413 3540 539 3610 apuleius
