2392 3876
304 622 615 707 CORNELII
654 623 883 707 ΤΑΟΙΤΙ

336 775 384 844 ΑΒ
407 776 573 847 Excutit
593 777 669 846 illvl
691 774 847 847 lllldlts'll

504 933 615 988 bruun
633 934 679 987 1v.

156 1077 183 1141 1.
203 1080 233 1141 C.
248 1080 348 1141 Asinio
363 1080 393 1142 C.
409 1082 535 1143 Antistio
555 1074 728 1143 consulibus
747 1099 843 1142 nonus
862 1079 981 1142 'liberio
1001 1097 1095 1140 annus

86 1176 150 1229 erat
169 1172 348 1248 compositae
367 1172 412 1230 rei
430 1169 579 1249 publicae,
598 1170 732 1230 llorenlis
751 1170 856 1231 domus
875 1163 957 1252 (nam
977 1167 1095 1229 Germa·

86 1260 145 1317 uici
164 1267 290 1318 mortem
309 1260 387 1319 inter
406 1276 549 1337 prospera
568 1251 723 1340 ducebat),
747 1276 815 1318 cum
835 1266 956 1336 repente
974 1258 1095 1317 turbare

87 1346 204 1404 lortuna
223 1347 334 1425 coepit,
356 1347 469 1405 saevire
490 1348 554 1423 ipse
574 1353 624 1405 aut
638 1345 837 1405 saevientibus
851 1348 929 1406 vires
943 1344 1095 1423 praebere.

86 1434 203 1492 initium
225 1439 255 1493 et
278 1451 365 1493 causa
384 1449 476 1512 pones
495 1431 611 1492 delium
630 1432 769 1492 Seianum
791 1432 962 1493 cohortibus
981 1439 1096 1510 praeto·
1123 1446 1135 1487 s

86 1523 138 1580 riis
163 1521 361 1600 praelectum,
387 1522 472 1581 cuius
496 1520 532 1580 de
556 1523 688 1600 potentia
707 1538 797 1598 surpra
816 1522 989 1580 memoravi:
1017 1538 1096 1580 nunc

85 1611 240 1689 originem,
254 1625 366 1686 mores,
381 1615 412 1668 et
425 1627 483 1688 qno
498 1608 628 1670 facinore
644 1608 873 1669 dominationem
888 1614 1004 1687 raptum
1019 1610 1097 1686 ierit,

85 1697 247 1777 expediam.
281 1699 399 1775 genitus
413 1695 555 1757 Vulsiniis
573 1704 656 1776 patre
678 1697 746 1758 Seio
761 1694 906 1758 Strabone
926 1698 1025 1775 equite
1040 1695 1096 1755 llo·

85 1804 185 1866 mano,
205 1794 234 1846 et
252 1786 347 1864 prima
365 1788 484 1846 iuventa
499 1785 602 1847 Gaium
618 1785 775 1847 Caesarem
789 1786 848 1846 divi
862 1786 989 1863 Augusti
1008 1802 1096 1862 nepo·

85 1882 144 1934 tem
164 1881 306 1954 sectatus,
326 1892 386 1934 non
405 1875 469 1934 sine
488 1892 607 1935 rumore
623 1875 725 1952 Apicio
745 1874 828 1935 diviti
848 1881 877 1934 et
896 1873 1018 1952 prodigo
1034 1881 1094 1933 slu-
1110 1889 1136 1927 ro

84 1981 172 2041 prum
195 1980 270 2022 veno
294 1962 425 2042 dedisse,
444 1981 511 2023 mox
531 1962 683 2024 Tiberium
707 1964 795 2023 variis
819 1961 933 2022 artibus
957 1961 1095 2034 devinxit,

85 2050 158 2110 adeo
169 2059 202 2110 ut
211 2049 372 2111 obscurum
383 2051 538 2112 adversum
549 2051 621 2111 alios
633 2051 690 2113 sibi
705 2053 758 2112 uni
772 2053 923 2112 incautum
938 2053 1096 2110 intectum-

84 2157 143 2218 que
165 2138 309 2220 efficeret,
330 2157 388 2199 non
403 2146 463 2199 tam
477 2139 607 2200 sollertia
622 2133 747 2222 (quippe
762 2139 857 2200 isdem
871 2137 985 2200 artibus
1000 2141 1095 2198 rictus

84 2220 145 2309 est)
165 2245 252 2306 quam
272 2228 360 2288 deum
378 2229 423 2287 ira
441 2229 471 2287 in
490 2245 554 2288 rem
569 2227 742 2306 Romanam,
761 2229 847 2289 cuius
866 2229 931 2306 pari
946 2228 1035 2287 exitio
1054 2228 1095 2286 vi·

84 2317 149 2394 guit
162 2316 337 2395 ceciditque.
366 2333 475 2395 corpus
489 2315 533 2376 illi
547 2315 680 2377 laborum
695 2314 839 2395 tolerans,
858 2317 973 2375 animus
988 2313 1095 2393 audax3
1111 2328 1135 2368 15

84 2406 132 2463 sni
151 2404 306 2483 obtegens,
329 2406 360 2464 in
379 2402 451 2463 alios
475 2405 661 2484 criminator,
683 2405 765 2464 iuxta
788 2403 916 2464 adulatio
940 2410 970 2462 et
993 2419 1096 2480 super-

85 2491 145 2572 bia,
165 2492 258 2569 palam
274 2494 456 2570 compositus
470 2491 580 2570 pudor,
598 2494 679 2552 intus
698 2510 812 2556 summa
831 2489 982 2568 apiscendi
996 2488 1095 2568 libido,

84 2582 209 2656 eiusque
229 2597 317 2638 causa
336 2578 422 2638 modo
442 2577 557 2657 largitio
577 2586 607 2639 et
625 2580 725 2659 luxus,
750 2581 867 2657 saepius
891 2577 1038 2638 industria
1061 2595 1095 2638 ac

85 2665 248 2745 vigilantia,
270 2666 347 2725 baud
369 2668 467 2726 minus
486 2668 603 2747 noxiae,
625 2669 762 2746 quotiens
783 2666 913 2746 parando
931 2684 1023 2746 regno
1042 2666 1095 2727 lin-

84 2760 204 2833 guntur.
1107 2768 1133 2808 eo

151 2841 180 2903 2.
200 2841 265 2903 Vim
283 2842 486 2922 praefecturae
505 2844 650 2904 modicam
674 2850 759 2905 antea
782 2844 922 2927 intendit,
946 2844 1095 2923 dispersas

83 2951 137 3011 por
152 2931 257 2992 urbem
273 2931 411 2992 cobortes
427 2950 482 2992 um
499 2934 528 2992 in
544 2939 640 2993 castra
655 2932 862 3013 conducendo,
881 2941 915 2993 ut
934 2932 1022 2993 simul
1042 2934 1094 2991 im·

82 3023 164 3100 peria
176 3023 367 3102 acciperent,
385 3038 568 3100 numeroque
588 3028 618 3082 ct
637 3020 744 3083 robore
759 3030 789 3083 et
802 3024 867 3084 risu
881 3023 960 3082 inter
975 3038 1006 3080 se
1021 3019 1094 3080 lidu-

82 3111 127 3169 cia
147 3111 232 3189 ipsis,
252 3112 283 3169 in
303 3116 418 3170 ceteros
437 3116 534 3170 metus
552 3118 697 3171 oreretur.
730 3108 941 3189 praetendebat
958 3107 1093 3168 lascivire

83 3196 206 3258 militem
225 3197 392 3278 diductum3
416 3198 531 3277 siquid
551 3197 684 3259 subitum
702 3201 833 3280 ingruat,
857 3198 966 3256 maiore
985 3194 1094 3255 auxilio
1121 3209 1134 3249 c

154 3368 179 3433 1,
196 3374 210 3421 7
230 3366 296 3422 ierit
312 3368 445 3425 Piclaena:
464 3367 539 3438 perit
554 3369 559 3437 Ι
575 3368 601 3436 2,
616 3373 633 3423 4
648 3369 772 3422 oreretur
787 3366 927 3421 Facinus:
947 3364 1092 3438 credeturl

82 3444 99 3493 5
118 3438 269 3493 deductum
