2392 3876
136 175 180 238 50
483 171 659 230 'connum
676 174 797 231 Tucim

129 315 266 382 soumis
275 321 375 384 hastis
388 324 468 385 inter
482 330 606 383 truncos
616 321 756 382 arborum
769 331 801 383 et
815 330 900 383 enata
915 323 1005 384 homo
1020 327 1146 403 virgulto

136 409 261 488 perinde
283 410 388 472 haberi
411 427 499 490 onam
521 409 579 488 pita
603 417 634 470 st
660 409 773 488 gladios
795 417 825 470 et
852 411 1003 472 haerentia
1027 418 1145 492 corpori

96 511 123 552 10
136 501 274 577 tegmina.
305 499 465 560 denserent
482 500 569 577 ictus,
590 515 641 558 ora
659 497 855 558 mucronibus
871 508 1062 577 qrtaererent:
1085 520 1145 561 non

137 586 258 648 loricam
277 587 434 666 Germano,
454 603 513 647 non
532 585 656 665 galcam,
675 602 713 646 nc
732 593 815 647 scuta
834 587 954 664 quidem
977 588 1056 647 ferro
1078 606 1145 648 ner·

136 694 209 736 vove
223 677 349 755 firmata,
368 675 421 736 sed
435 677 577 735 viminum
590 681 690 735 textus
704 673 750 734 vel
763 676 861 734 tenuis
876 680 906 734 et
920 675 1032 735 fucatas
1046 675 1144 735 colore

137 762 264 843 tabulas3
282 765 407 841 primam
421 770 583 841 utcumque
597 764 690 822 aciem
704 762 860 842 hastatum,
880 765 987 822 ceteris
1005 771 1143 841 praeusta

136 859 188 911 aut
202 851 301 911 brevio
315 850 382 911 teia
410 852 468 911 iam
482 868 592 928 corpus
606 857 640 910 ut
654 852 719 911 risu
732 857 850 910 torvum
865 858 895 910 et
908 850 944 911 od
959 850 1078 911 brevem
1092 854 1144 911 im-

96 954 122 994 1o
136 946 239 1017 petum
257 937 397 1019 validum,
421 940 464 1000 sic
486 938 566 999 uuila
588 937 744 999 vulnerum
766 941 920 1016 patientia:
945 941 1008 999 sine
1031 940 1144 1019 pudore

136 1026 251 1106 flagitii,
279 1028 343 1086 sine
367 1044 444 1088 curu
461 1027 571 1088 ducum
594 1025 688 1107 abire,
717 1026 831 1106 ingere,
859 1027 981 1106 pavidos
1004 1029 1147 1106 adversis,

135 1117 215 1175 inter
229 1114 359 1175 secunda
372 1132 432 1175 non
446 1114 546 1195 divini,
564 1132 624 1174 non
638 1114 760 1175 humani
774 1117 848 1175 iuris
863 1133 1018 1176 memores.
1047 1119 1073 1176 si
1087 1123 1146 1176 tae·

136 1202 185 1262 dio
199 1204 313 1263 viarum
327 1221 360 1263 ac
374 1205 465 1263 maris
484 1204 574 1263 finem
592 1205 725 1283 cupiant,
744 1202 799 1263 hac
818 1205 880 1263 acie
899 1205 1009 1281 parari:
1028 1207 1145 1281 propio-

136 1307 200 1350 rem
214 1292 272 1350 iam
286 1289 384 1352 Albim
397 1309 486 1371 quam
500 1289 636 1352 Rhenum
651 1308 747 1370 neque
762 1290 872 1352 beilum
891 1291 982 1370 ultra,
1002 1292 1089 1351 modo
1105 1309 1146 1371 se,

97 1394 123 1435 so
136 1381 229 1456 patris
243 1381 402 1458 patruique
415 1382 538 1458 vestigia
552 1387 745 1460 prementem,
759 1379 853 1440 isdem
863 1382 894 1439 in
904 1381 993 1440 terris
1003 1381 1145 1440 victorem

137 1468 285 1527 sisterent.
1190 1460 1192 1466 ’

206 1554 255 1616 1s.
283 1554 453 1617 Orationem
474 1557 559 1618 ducis
579 1564 699 1617 secutus
713 1556 840 1617 militum
855 1556 951 1637 ardor,
971 1559 1146 1635 signumque

137 1661 253 1723 pugnae
268 1643 376 1705 datum
405 1662 460 1705 neo
474 1646 625 1705 Arminius
639 1652 690 1705 aut
704 1648 797 1705 ceteri
810 1644 1024 1705 Germanorum
1044 1662 1146 1722 proce-

138 1750 187 1792 res
206 1731 380 1792 omittebant
398 1749 469 1793 suos
489 1735 614 1811 quisque
633 1734 749 1831 testari,
770 1732 824 1792 hos
844 1751 909 1794 csse
928 1731 1075 1793 Romanos
1094 1731 1147 1791 Va·

138 1822 214 1880 rieni
229 1821 410 1880 exercitnsf
408 1822 609 1900 ugacissimos,
628 1821 680 1898 qui
698 1838 735 1879 ne
754 1819 864 1880 beilum
883 1819 1053 1901 tolerarent,
1072 1819 1146 1881 sedi-

112 1922 125 1962 s
139 1910 250 1969 tionem
264 1908 429 1989 induerint3
443 1926 570 1987 qirorum
584 1925 653 1986 pars
668 1915 773 1968 onusta
787 1906 960 1969 vulneribus
973 1916 1064 1987 terga,
1079 1927 1147 1986 pars

138 1995 281 2057 ssuctibus
298 2004 329 2056 et
346 1995 485 2074 prooeiiis
503 1997 614 2056 fractos
628 2003 710 2056 artus
724 1996 848 2056 infensis
863 2013 984 2056 rursum
1002 1997 1147 2075 hostibus

138 2084 270 2144 adversis
284 2085 331 2144 dis
345 2083 481 2164 obiciant,
500 2083 581 2145 uuila
598 2083 669 2143 boni
683 2101 744 2161 spe.
773 2083 896 2143 classem
916 2086 1025 2163 quippe
1041 2086 1147 2145 stavia

138 2171 249 2233 Oceani
267 2174 414 2253 quaesita,
434 2189 472 2233 ne
492 2174 560 2252 quis
577 2170 765 2232 venientibus
784 2180 969 2252 occurreret,
989 2190 1026 2232 ne
1045 2171 1147 2250 pulsos

138 2270 301 2339 premeret:
320 2261 372 2322 scd
386 2260 439 2321 ubi
452 2261 628 2321 miscuerint
645 2277 758 2340 manus,
778 2261 865 2320 inane
886 2261 972 2319 victis
992 2267 1148 2320 ventorum

100 2366 126 2407 ro
140 2366 332 2409 remorumve
342 2348 517 2410 subsidium.
545 2349 749 2409 meminissent
758 2346 845 2407 modo
860 2349 1006 2426 avaritiae,
1021 2348 1147 2409 crudeli-

139 2438 222 2518 tatis,
242 2436 411 2516 superbias:
430 2437 509 2497 aiiud
528 2436 586 2496 sihi
599 2435 747 2515 reliquum
762 2453 850 2514 quam
864 2443 966 2496 tenere
981 2434 1148 2496 libertatem

140 2534 192 2587 aut
205 2528 282 2587 mori
295 2533 363 2586 ante
378 2521 554 2586 servitium?

210 2611 258 2675 16.
279 2613 328 2674 Sic
342 2631 482 2674 accensos
497 2620 528 2672 et
544 2612 690 2691 proelium
708 2621 865 2691 poscentes
885 2615 917 2673 in
936 2631 1080 2692 campum,
1100 2616 1149 2673 cui

140 2700 293 2762 ldisiaviso
307 2720 423 2781 nomon,
437 2700 597 2762 deducunt
625 2703 650 2761 is
664 2700 781 2761 medius
795 2704 874 2763 inter
883 2700 1033 2781 Visurgim
1048 2710 1077 2762 et
1092 2702 1149 2761 ool·

141 2788 193 2869 ies,
211 2796 246 2850 ut
263 2792 345 2868 ripae
364 2789 495 2850 fluminis
513 2789 624 2850 cedunt
638 2797 689 2850 aut
707 2793 904 2868 prominentia
918 2794 1063 2852 montium
1078 2793 1150 2850 resi-

142 2884 238 2957 stunt,
256 2878 450 2956 inaequaliter
469 2881 612 2938 sinuatur.
648 2896 725 2956 pone
743 2885 860 2957 tergum
878 2878 1051 2958 insurgebat
1069 2877 1150 2956 silva,

115 2965 230 3025 seditis
248 2967 280 3035 in
298 2965 391 3026 altum
409 2969 499 3026 remis
518 2973 548 3026 et
566 2983 640 3044 pura
659 2966 750 3026 humo
768 2969 846 3027 inter
864 2966 1004 3026 arborum
1018 2974 1149 3026 truncos.

142 3071 278 3131 campum
297 3061 327 3114 et
345 3055 440 3132 prima
460 3054 599 3115 silvarum
619 3053 744 3114 barbaro
768 3057 847 3115 acies
870 3057 979 3115 tenuit:
1003 3053 1059 3114 soli
1078 3053 1149 3114 Che-

103 3158 109 3174 ·’
143 3144 225 3203 rusci
243 3144 310 3220 iugo
331 3141 481 3222 insedere,
504 3150 539 3202 ut
561 3141 775 3219 proeliantibus
794 3142 933 3202 Romanis
957 3141 1084 3220 desuper
1108 3144 1151 3201 in-

143 3238 308 3291 currerent
336 3238 438 3290 noster
452 3232 601 3290 exercitus
616 3232 659 3290 sio
672 3231 808 3290 incessit:
823 3230 980 3290 arixiiiares
994 3228 1151 3291 61111661-

216 3435 261 3502 15,
270 3438 406 3517 ..616136
417 3436 554 3491 Muretus:
574 3435 656 3505 tergi
672 3437 677 3502 Ι
694 3435 738 3501 16,
752 3440 769 3488 2
788 3431 936 3488 Idisiaviso
954 3433 1017 3492 Joo.
1034 3434 1152 3491 Grimur:

143 3503 231 3559 idisto
248 3505 310 3562 uiso
331 3505 487 3577 (Idisiavisa
506 3506 682 3574 Mullenhoff)
