2392 3876
267 185 314 241 AB
332 184 494 242 EXOESSU
511 185 666 242 AUGUSTI
684 186 744 242 XV.
764 193 876 242 20-26.
1015 186 1082 252 329

73 346 170 397 terrae
190 334 307 397 celebre
327 334 502 414 Campaniae
523 334 664 414 oppidum
682 333 804 415 Pompei
821 352 926 414 magna
944 354 980 397 ex
998 343 1083 414 parte

72 425 196 503 proruit.
232 424 431 503 defunctaque
448 424 531 502 virgo
550 422 675 484 Vestalis
693 423 803 506 Laelia,
826 425 857 484 in
881 424 967 485 cuius
986 424 1084 485 locum

72 513 207 574 Cornelia
222 531 257 573 er
274 511 382 573 iamilia
396 510 557 573 Cossorum
571 519 655 590 capta
670 519 723 573 est.
1097 526 1124 564 ιο

139 599 191 663 23.
210 600 347 662 Memmio
367 600 478 679 Regulo
498 608 528 661 et
542 598 680 679 Verginio
699 599 775 662 Rulo
794 599 968 662 consulibus
985 607 1085 662 natam

73 689 130 751 sibi
149 708 185 750 ex
204 689 340 769 Poppaea
359 689 448 749 filiam
465 688 545 749 Nero
566 687 645 751 ultra
664 688 788 750 mortale
809 690 949 767 gaudium
970 689 1086 767 accepit

73 778 288 857 appellavitque
311 778 488 858 Augustam,
516 777 584 837 dato
610 785 640 840 et
664 777 817 857 Poppaeae
846 778 951 839 eodem
978 795 1085 856 cogno·

72 876 181 929 rnento.
209 866 293 927 locus
312 866 471 945 puerperio
491 864 605 927 colonia
619 866 739 927 Antium
758 866 827 947 luit,
845 865 898 927 ubi
915 868 979 945 ipse
997 883 1084 944 gene·

72 965 155 1016 ratus
178 963 250 1016 erat.
287 956 345 1014 iam
369 961 490 1015 senatus
513 960 631 1015 uterum
653 953 805 1034 Poppaeae
829 953 1113 1016 commendaveram

71 1044 119 1104 dis
137 1049 262 1121 votaque
282 1040 400 1120 publice
420 1050 605 1123 susceperat,
629 1061 704 1123 quae
724 1043 918 1122 nndtipllcata
940 1042 1084 1105 exsoluta·

73 1150 140 1211 que.
177 1139 208 1191 et
230 1130 345 1191 additae
370 1129 601 1209 supplicationes
624 1130 825 1211 templumque
843 1131 1031 1193 Fecunditati
1055 1138 1085 1192 et
1140 1149 1147 1160 ·

29 1248 31 1251 ·
73 1229 223 1282 certamen
242 1218 279 1279 ad
298 1217 448 1297 exemplar
467 1219 602 1280 Actiacae
626 1218 779 1297 religionis
802 1220 968 1300 decretum,
992 1228 1084 1299 utque

73 1308 273 1371 Fortunarum
291 1307 406 1386 effigies
423 1325 530 1368 aureae
549 1309 580 1368 in
600 1307 673 1368 solio
688 1307 846 1387 Capitolini
859 1307 937 1368 lovis
953 1308 1085 1369 locaren—

73 1406 131 1478 tur,
145 1397 295 1458 ludicrnm
309 1399 452 1476 circense,
468 1405 501 1457 ut
515 1394 605 1457 lullae
619 1398 701 1474 genti
714 1396 791 1475 apud
802 1395 936 1475 Bovillas,
950 1398 991 1456 ita
1001 1394 1085 1456 Clau·
1099 1410 1128 1450 ro

73 1487 138 1547 diae
158 1484 361 1563 Domitiaeque
380 1483 458 1563 apud
477 1485 598 1545 Antium
616 1484 764 1546 ederetur.
802 1503 877 1564 quae
896 1483 974 1545 tluxa
992 1484 1085 1566 luere,

74 1581 213 1653 quartum
232 1575 310 1633 intra
327 1591 460 1633 mensem
479 1572 618 1634 deiuncta
636 1573 756 1634 infante.
784 1590 950 1652 rursusque
965 1580 1085 1634 exortae

71 1661 257 1724 adulationes
271 1663 458 1722 censentium
472 1660 617 1722 honorem
631 1661 715 1722 divae
729 1669 759 1723 et
773 1660 908 1740 pulvinar
923 1661 1085 1740 aedemque

74 1759 105 1812 et
122 1749 315 1812 sacerdotem.
343 1757 432 1827 atque
450 1751 514 1828 ipse
534 1757 568 1811 ut
585 1748 726 1830 laetitiae,
745 1752 785 1811 ita
804 1751 948 1811 maeroris
961 1748 1084 1810 inmodi-

74 1857 127 1901 cus
146 1841 214 1918 egit.
242 1838 414 1899 adnotatum
432 1846 492 1918 est,
511 1839 591 1899 omni
610 1847 715 1899 senatu
728 1839 849 1899 Antium
864 1837 919 1899 sub
933 1846 1084 1899 recentem
1100 1850 1127 1892 ao

72 1936 192 2008 partum
206 1927 312 2006 elluso,
331 1925 492 1987 Thraseam
505 1926 689 2006 prohibitum
702 1928 814 1987 inmoto
828 1929 925 1987 auimo
939 1944 1085 2005 praenun-

73 2020 145 2078 tiam
163 2017 337 2077 inmiuentis
355 2015 454 2076 caedis
473 2014 682 2076 contumeliam
697 2016 861 2093 excepisse.
890 2023 1023 2076 secutam
1037 2015 1085 2075 de·

72 2106 142 2166 hinc
161 2122 264 2167 vocem
278 2103 412 2166 Caesaris
431 2104 544 2185 lerunt,
564 2122 621 2184 qua
643 2103 868 2165 reconciliatum
886 2121 918 2165 se
937 2102 1084 2164 Thraseae

74 2194 151 2273 apud
175 2193 317 2255 Senecam
339 2193 505 2274 iactaverit,
528 2210 562 2255 ac
586 2191 871 2274 Senecamssaesari
892 2192 1084 2271 gratulatum:
1183 2233 1184 2237 =

75 2282 153 2342 unde
167 2282 259 2359 gloria
272 2283 401 2360 egregiis
414 2283 487 2344 viris
500 2288 532 2343 et
544 2280 676 2360 pericula
691 2280 861 2360 gliscebant.
1098 2295 1126 2334 2⁰

141 2365 193 2430 24.
212 2368 293 2429 lnter
312 2387 387 2449 quae
401 2371 480 2430 veris
493 2371 641 2449 principio
655 2369 743 2447 legati
757 2368 935 2429 Parthorum
948 2369 1085 2430 mandata

75 2459 154 2535 regis
172 2455 324 2534 Vologesis
347 2455 520 2536 litterasque
543 2459 574 2518 in
598 2456 721 2518 eandem
744 2458 868 2517 sormam
892 2456 1030 2517 attulere:
1053 2475 1085 2516 se

75 2548 174 2624 priora
188 2552 219 2605 et
233 2545 342 2606 totiens
356 2547 463 2605 iactata
477 2562 568 2623 super
582 2545 741 2623 optinenda
756 2545 892 2604 Armenia
907 2562 987 2604 nunc
1001 2546 1086 2605 omit-

75 2643 147 2708 tere,
163 2634 301 2712 quoniam
316 2631 360 2711 di,
375 2634 508 2712 quamvis
521 2634 687 2711 potentium
700 2631 878 2712 populorum
892 2630 1005 2713 arbitri,
1019 2649 1086 2711 pos·

76 2724 238 2782 sessionem
257 2719 374 2782 Parthis
392 2738 453 2781 non
471 2721 535 2781 sine
556 2722 715 2798 ignominia
735 2720 866 2781 Romana
886 2719 1112 2781 tradidissents

75 2828 172 2888 nuper
189 2810 321 2871 clausum
336 2808 498 2891 Tigranen3
516 2816 584 2888 post
597 2808 721 2870 Paetum
734 2807 934 2889 legionesque,
953 2826 1022 2870 cum
1035 2828 1084 2889 op-

74 2900 205 2979 primere
223 2905 337 2979 posset,
355 2898 520 2959 incolumes
539 2898 695 2959 dimisisse.
723 2899 795 2959 satis
809 2897 998 2977 adprobatam
1013 2901 1085 2980 vim,

75 2989 176 3049 datum
191 2994 222 3048 et
235 2985 364 3047 leuitatis
379 2988 622 3066 experimentum.
646 3003 702 3049 nec
715 2994 923 3048 recusaturum
933 2986 1085 3048 Tiridaten
1098 3002 1100 3006 ’

75 3074 247 3155 accipiendo
258 3075 415 3136 diademati
424 3077 454 3137 in
466 3074 570 3137 urbem
580 3077 692 3156 venire,
706 3076 765 3136 nisi
775 3074 933 3137 sacerdotii
943 3074 1084 3153 religione

75 3167 261 3226 attineretur.
288 3164 401 3225 iturum
416 3163 452 3225 ad
467 3165 549 3243 signa
568 3172 599 3227 et
617 3165 731 3243 effigies
748 3166 907 3244 principis,
925 3162 978 3224 ubi
996 3163 1084 3241 legio·
1100 3179 1126 3218 ro

74 3253 163 3316 nibus
177 3271 276 3314 coram
290 3269 416 3330 regnum
430 3254 642 3331 auspicaretur.

141 3338 192 3404 25.
211 3339 333 3402 Talibus
351 3339 503 3420 Vologesis
521 3339 641 3423 litteris,
661 3343 729 3421 quia
748 3340 856 3403 Paetus
875 3339 991 3402 diversa
1013 3349 1083 3401 tam·

145 3527 191 3597 28,
211 3535 225 3584 1
245 3527 367 3599 uirginio
383 3532 389 3602 Ι
404 3527 518 3585 consule
534 3530 539 3598 Ι
555 3528 600 3598 at,
618 3535 635 3584 8
654 3527 829 3586 committere
