2392 3876
133 154 174 218 72
480 150 651 207 CORNELII
668 149 787 206 'PAGlTI

132 320 271 364 coronam
290 309 320 373 et
337 300 430 362 multa
448 303 479 360 in
497 300 600 361 luxum
619 300 739 380 addidit,
759 319 833 381 qnae
851 299 1026 362 Germanico
1041 320 1147 382 quam·

133 408 221 470 quam
234 389 340 451 acerba
354 388 557 450 tolerabantur
571 397 677 450 tamen.
1116 390 1151 447 ll

198 474 250 541 58.
277 478 359 539 Inter
382 496 457 556 quae
475 476 512 538 ab
531 495 601 556 rege
619 476 797 539 Parthorum
814 476 963 540 Artabano
983 477 1073 556 legati
1095 497 1146 539 ve·

132 564 213 631 n‘e're.
245 569 367 629 miserat
385 568 543 628 amicitiam
561 584 596 626 ac
614 565 719 628 foedus
736 576 965 646 memoraturos,
983 574 1013 626 et
1031 585 1146 645 cupere

133 658 270 719 renovari
292 655 424 732 dextras,
448 654 645 732 daturumque
667 654 775 715 honori
797 653 972 735 Germanici,
995 663 1030 715 ut
1047 657 1146 735 ripam

133 744 294 824 Euphratis
318 742 485 804 accederet:
508 750 610 821 petere
633 745 762 822 interim,
785 761 823 805 ne
841 742 978 805 Vonones
1000 745 1032 803 in
1054 742 1147 804 Suria

106 833 293 895 shaberetnr
311 850 370 891 neu
388 849 528 909 proceres
547 833 680 910 gentium
698 833 874 913 propinquis
892 833 1006 893 nuntiis
1024 831 1061 891 ad
1085 832 1147 893 dis-

134 920 250 983 cordias
273 919 413 981 traheret.
450 919 486 980 ad
510 938 544 981 ea
563 918 756 981 Germanicus
779 919 816 980 de
839 922 980 981 societate
999 920 1147 980 Romano-

133 1027 201 1070 rum
214 1007 451 1087 Parthorumque
468 1008 636 1088 magnilice,
654 1008 692 1069 de
711 1008 839 1070 adventu
857 1011 936 1087 regis
956 1018 986 1069 ct
1000 1008 1082 1069 cultu
1097 1011 1147 1068 sni

134 1115 202 1159 carm
225 1097 333 1157 decore
357 1114 391 1156 ac
418 1095 562 1157 modestia
589 1096 751 1176 respondit.
794 1095 929 1158 Vonones
951 1097 1146 1176 Pompeiopo-

133 1185 194 1265 lim,
205 1184 323 1246 Ciliciae
333 1186 510 1246 maritimam
517 1183 630 1262 urbem,
637 1192 753 1246 amotus
764 1193 817 1247 est.
836 1185 937 1247 datum
946 1185 975 1246 id
987 1203 1046 1246 non
1055 1183 1147 1245 modo

95 1290 121 1330 ιο
133 1273 274 1354 precibus
289 1272 441 1353 Artabani,
459 1273 513 1335 sed
531 1273 727 1334 contumeliae
741 1273 870 1354 Pisonis,
889 1276 939 1335 cui
958 1275 1147 1352 gratissimus

83 1433 90 1444 Ι
133 1370 198 1423 erat
212 1361 250 1422 ob
264 1361 391 1441 plurima
405 1361 501 1423 cilicia
515 1369 546 1423 et
559 1362 644 1443 dona,
659 1361 767 1441 quibus
781 1362 950 1427 Plancinam
965 1363 1148 1422 devinxerat.

201 1446 253 1513 59.
275 1451 312 1520 bl.
328 1450 427 1513 Silano
446 1450 477 1512 L.
492 1451 630 1512 Norbano
649 1450 821 1513 consulibus
840 1451 1033 1511 Germanicus
1052 1449 1147 1529 Aegy-

133 1549 218 1620 ptum
236 1540 436 1620 proficiscitur
454 1539 676 1619 cognoscendae
695 1540 887 1618 antiquitatis.
916 1540 968 1601 sed
987 1557 1059 1600 cura
1077 1557 1147 1618 pro·

134 1631 247 1691 vinciae
261 1628 523 1709 praetendebatur,
541 1628 706 1706 levavitque
719 1630 831 1706 apertis
844 1627 961 1690 horreis
974 1629 1070 1706 pretia
1084 1629 1148 1687 iru-

134 1736 205 1797 gum
222 1718 373 1796 multaque
392 1719 423 1777 in
442 1716 547 1794 vulgus
567 1723 650 1795 grata
674 1717 841 1795 usurpavit:
866 1718 930 1778 sinc
951 1715 1044 1778 milite
1064 1718 1149 1776 ince-

108 1807 219 1885 ndere,
240 1805 366 1884 pedibus
386 1805 507 1865 intectis
527 1812 558 1865 et
578 1807 643 1883 pari
663 1804 871 1867 cumGraecis
892 1807 1014 1885 amictu,
1036 1804 1067 1864 P.
1083 1804 1148 1864 Sci·

134 1896 232 1973 pionis
251 1892 458 1972 aemulatione,
482 1892 698 1978 quem‚eadem.
710 1893 889 1955 factitavisse
908 1893 987 1973 apud
1005 1892 1146 1972 Siciliam,

135 1983 268 2060 quamvis
287 1980 429 2059 flagrante
448 1979 543 2042 adbuc
557 1980 724 2042 Poenorum
742 1980 833 2062 bello,
852 1984 1029 2061 accepimus.
1058 1980 1146 2040 Tibe-

134 2071 199 2136 rins
213 2067 295 2129 crvltu
309 2068 472 2147 habituque
486 2070 552 2130 eius
565 2068 682 2131 lenibus
696 2069 795 2131 verbis
809 2072 982 2150 perstricto,
1001 2071 1146 2130 acerrime

135 2158 293 2237 increpuit,
308 2157 386 2236 quod
401 2165 504 2218 contra
518 2159 654 2219 instituta
667 2158 795 2238 Augusti
807 2176 867 2219 non
881 2167 986 2238 sponte
1000 2159 1147 2237 principis

96 2261 122 2301 ιο
135 2245 341 2308 Alexandriam
359 2247 521 2308 introisset
548 2264 616 2309 nam
629 2246 782 2325 Augustus
800 2239 880 2308 inter
898 2248 954 2309 aba
972 2248 1146 2307 dominatio-

134 2337 181 2396 nis
209 2326 327 2415 a‘rcana,
354 2337 454 2396 vetitis
480 2336 539 2397 nisi
565 2338 713 2415 permissu
740 2336 857 2414 ingredi
883 2335 1071 2397 senatoribus
1094 2343 1147 2396 aut

135 2423 286 2503 equitibus
300 2424 440 2484 Romanis
459 2423 648 2504 inlustribus,
667 2427 800 2503 seposuit
813 2425 994 2504 Aegyptum,
1012 2442 1050 2485 ne
1068 2423 1145 2484 lame

135 2521 277 2592 urgueret
286 2512 408 2593 ltaliam,
424 2514 560 2592 quisquis
570 2531 634 2574 eam
648 2515 831 2592 provinciam
846 2512 1033 2591 claustraque
1047 2519 1145 2573 terrae

135 2621 169 2664 ac
187 2604 278 2665 maris
297 2603 430 2683 quamvis
447 2600 505 2661 levi
523 2601 671 2680 praesidio
695 2601 852 2664 adversum
873 2603 1011 2680 ingentes
1033 2602 1144 2662 exerci-

95 2701 122 2744 15
133 2699 183 2751 tus
197 2691 363 2753 insedisset.

202 2776 252 2841 60.
281 2778 340 2839 Sed
368 2780 560 2841 Germanicus
590 2780 722 2841 nondum
751 2787 902 2858 comperto
931 2779 1145 2857 profectionem

136 2884 201 2928 eam
227 2868 359 2928 incusari
381 2868 446 2929 Nilo
475 2868 708 2948 subvebebatur,
735 2886 822 2930 orsus
845 2867 954 2947 oppido
976 2886 994 2928 a
1017 2866 1145 2944 Canopo.

135 2954 295 3016 condidere
314 2955 344 3016 id
360 2955 500 3035 Spartani
517 2957 555 3018 ob
575 2956 724 3036 sepidtum
744 2956 804 3018 illic
823 2964 971 3018 rectorem
992 2956 1075 3017 navis
1093 2954 1145 3014 Ca·

135 3062 261 3124 nopnm,
279 3062 338 3123 qna
355 3051 531 3123 tempestate
550 3043 700 3107 Menelaus
719 3044 871 3107 Graeciam
890 3052 1030 3122 repetens
1051 3043 1145 3103 diver·

108 3145 121 3186 a
136 3150 202 3193 snm
216 3132 252 3193 ad
267 3151 349 3193 mare
363 3139 532 3211 terramque
542 3132 663 3213 Libyam
673 3134 807 3195 deiectus
821 3141 872 3196 est.
895 3132 964 3193 inde
978 3133 1146 3211 proximum

135 3223 231 3282 amnis
245 3240 278 3282 os
292 3221 423 3283 dicatum
436 3220 572 3302 llercull,
591 3239 679 3302 quem
693 3223 849 3302 indigenae
864 3228 963 3282 ortum
977 3219 1056 3300 apud
1069 3237 1101 3280 se
1117 3226 1148 3279 et

206 3359 790 3428 c.to-c11oootcop.svuonoooaeoao
815 3362 902 3413 censet
919 3356 947 3412 J.
966 3355 998 3412 st
1069 3353 1145 3408 Mus.

134 3427 208 3482 ram.
219 3430 266 3495 24,
278 3431 373 3499 72sqq.
390 3432 395 3496 ι
410 3429 456 3494 aa,
472 3433 503 3482 11
517 3425 656 3497 permissu
671 3444 721 3483 suo
732 3428 785 3484 Ed.
803 3429 899 3484 ΨΜ
914 3431 919 3498 Ι
933 3427 1008 3494 aaa
1042 3424 1147 3480 aiecius

134 3496 196 3552 Jce.
218 3496 385 3554 Gronovius:
406 3498 531 3555 delectus
547 3505 551 3568 Ι
567 3500 611 3554 esi
628 3499 692 3556 odd.
714 3499 837 3556 Putem
