2408 3870
116 154 179 219 158
463 153 633 210 CORNELII
650 153 768 213 raeiri

115 305 244 382 censuit,
264 303 343 382 quod
357 321 450 365 unum
464 306 657 384 urguentium
670 303 815 367 malorum
829 304 989 384 suffugium
1004 306 1037 365 in
1051 311 1130 366 tem·

114 399 295 543 pusggatm
313 480 420 542 Caesar
438 481 582 543 dedicatis
599 499 654 561 per
668 480 857 560 Campaniam
869 480 1001 560 templis,
1022 500 1126 560 quam·

115 587 203 648 quam
212 569 309 631 edicto
319 572 493 650 monuisset,
507 572 622 649 nequis
633 571 763 649 quietem
774 572 838 637 eine
848 572 1128 651 inrumperetcon·

115 676 281 737 cursusque
300 657 514 738 oppidanorum
528 658 673 736 disposito
685 657 780 721 milite
793 658 1039 737 prohiberentur,
1058 676 1126 736 per·

115 764 185 807 osus
212 753 311 809 tamen
333 747 495 825 municipia
518 754 548 806 et
570 745 701 811 colonias
723 749 880 826 omniaque
903 749 934 808 in
957 748 1126 807 continenti

87 838 184 915 esita,
208 834 334 913 Capreas
354 852 385 895 se
409 836 440 895 in
458 833 585 895 insulam
603 833 729 914 abdidit,
747 837 839 905 trium
856 833 972 899 milium
990 834 1067 896 freto
1088 833 1126 895 ab

115 923 256 984 eruemis
265 921 435 985 Surrentini
444 925 646 1001 promunturii
655 924 825 989 diiunctam.
853 923 1046 991 solitudinem
1059 926 1127 985 eius

114 1010 261 1090 placuisse
284 1013 411 1072 maxime
434 1010 625 1092 crediderim,
650 1014 789 1091 quoniam
812 1015 1021 1091 importuosum
1044 1013 1126 1075 circa

115 1117 195 1160 mare
214 1106 245 1160 et
262 1101 310 1161 vix
329 1100 452 1160 modicis
471 1101 594 1178 navigiis
611 1118 706 1179 pauca
725 1100 869 1182 subsidia,
888 1119 987 1180 neque
1003 1099 1125 1180 adpule-

115 1191 155 1248 rit
186 1189 343 1267 quisquam
370 1190 428 1249 nisi
454 1206 546 1267 gnaro
569 1188 701 1251 custode
747 1189 821 1251 caeli
843 1191 1002 1268 temperies
1027 1189 1125 1251 bieme

64 1282 101 1330 ἰο
116 1277 194 1337 mitis
213 1275 331 1339 obiectu
352 1279 474 1357 montis,
494 1295 552 1356 quo
572 1295 658 1338 saeva
676 1284 833 1341 ventorum
851 1285 1008 1358 accentum
1028 1285 1126 1339 aestas

114 1366 146 1425 in
169 1364 318 1427 favonium
341 1364 465 1427 obversa
489 1373 520 1426 et
541 1373 644 1445 aperto
668 1367 784 1429 circum
804 1365 908 1445 pelago
932 1384 1126 1446 peramoena3

114 1453 379 1534 prospectabatque
403 1453 637 1533 pulcherrimum
662 1456 773 1534 sinum,
796 1462 954 1533 antequam
979 1453 1126 1517 Vesuvius

113 1561 199 1603 mons
221 1542 380 1605 ardescens
404 1543 510 1605 faciem
533 1542 593 1604 loci
614 1551 752 1605 verteret
790 1542 918 1607 Graecos
936 1561 973 1605 ea
989 1545 1126 1607 tenuisse

114 1632 300 1712 Capreasque
315 1631 452 1720 Telebois
466 1631 612 1694 habitatas
627 1633 702 1695 lama
716 1631 815 1695 tradit.
839 1631 890 1693 sed
905 1639 970 1701 tum
983 1631 1125 1695 'liberius

75 1734 100 1775 15
114 1721 270 1781 duodecim
288 1719 423 1780 villarum
442 1719 613 1783 nomtnibus
632 1727 662 1780 et
679 1719 808 1785 molibus
826 1719 988 1800 insederat,
1012 1729 1124 1800 quanto

114 1811 246 1871 intentus
266 1808 336 1869 olim
354 1807 489 1886 publicas
507 1808 543 1869 ad
562 1826 665 1889 curas,
688 1816 770 1871 tanto
789 1808 966 1871 occultiores
984 1811 1017 1871 in
1036 1809 1125 1873 luxus

113 1905 144 1958 et
161 1897 270 1958 malum
289 1897 383 1957 otium
401 1895 559 1959 resolutus.
596 1896 732 1965 manebat
751 1899 860 1976 quippe
875 1899 1080 1976 suspicionum
1095 1905 1125 1959 et

114 1984 254 2046 credendi
268 1986 434 2064 temeritas,
453 2001 541 2063 quam
556 1983 681 2046 Seianus
695 2004 804 2066 augere
819 1987 907 2046 etiam
921 1988 952 2046 iu
966 1985 1043 2049 urbe
1058 2004 1124 2049 sue·

114 2082 162 2133 tus
181 2073 280 2133 acrius
299 2071 438 2133 turbabat
456 2089 516 2133 non
535 2075 593 2133 iam
611 2073 737 2135 occultis
755 2073 912 2137 adversum
930 2075 1123 2154 Agrippinam

73 2178 98 2217 so
114 2170 144 2222 et
161 2160 310 2221 Neronem
327 2160 454 2221 insidiis.
491 2163 558 2240 quis
577 2161 695 2230 additus
712 2162 799 2224 miles
817 2165 954 2244 nuntios,
972 2165 1124 2243 introitus,

113 2257 214 2328 aperta
234 2258 348 2309 secreta
362 2247 443 2311 velut
456 2251 487 2310 in
502 2249 621 2310 annales
635 2250 796 2331 referebat,
815 2251 953 2331 ultroque
968 2251 1124 2314 strueban-

113 2348 171 2419 tur,
186 2340 238 2417 qui
252 2345 408 2399 monerent
421 2338 578 2418 perfugere
593 2339 629 2399 ad
640 2338 812 2402 Germaniae
827 2341 977 2401 exercitus
991 2340 1038 2401 vel
1047 2340 1123 2402 cele·

113 2427 242 2489 berrimo
262 2426 320 2488 lori
338 2426 466 2506 effigiem
483 2427 544 2488 divi
562 2429 689 2507 Augusti
706 2427 844 2508 amplecti
865 2428 1071 2509 populumque
1090 2447 1124 2491 ac

114 2524 249 2578 senatum
272 2515 381 2578 auxilio
404 2534 518 2578 vocare.
555 2534 648 2596 eaque
667 2525 768 2596 spreta
786 2516 822 2578 ab
841 2517 913 2599 illis,
936 2517 1017 2579 velut
1039 2535 1124 2598 para-

73 2621 98 2661 re
112 2615 187 2686 rent,
202 2606 414 2668 obiciebantur.
675 2672 678 2676 ,

179 2692 231 2757 68.
254 2695 339 2756 lunio
359 2694 458 2756 Silano
477 2702 508 2755 et
527 2693 599 2756 Silio
617 2693 712 2756 Nerva
732 2693 904 2757 consulibus
919 2694 1039 2757 foedum
1054 2697 1125 2756 anni

112 2783 293 2861 principium
315 2785 438 2845 incessit
463 2791 558 2846 tracto
583 2785 615 2845 in
639 2801 791 2844 carcerem
808 2782 928 2845 inlustri
946 2785 1048 2864 equite
1067 2783 1125 2844 llo·

114 2888 214 2950 mano,
238 2869 304 2930 Tito
329 2870 451 2951 Sabino,
475 2872 513 2933 ob
532 2873 691 2933 amicitiem
714 2870 894 2937 Germanici:
921 2889 1019 2951 neque
1043 2874 1124 2934 enim

113 2960 253 3020 omiserat
268 2960 425 3038 coniugem
439 2959 608 3039 liberosque
623 2961 688 3020 eius
700 2960 867 3039 percolere,
886 2967 1015 3023 sectator
1034 2959 1124 3040 domi,

87 3063 214 3110 ooomes
232 3049 264 3108 in
282 3045 417 3128 publico,
436 3055 505 3126 post
523 3054 568 3109 tot
586 3046 710 3109 clientes
729 3066 808 3111 unrrs
826 3067 921 3128 eoque
935 3049 1013 3128 apud
1028 3047 1124 3111 bonos

114 3137 250 3198 laudatus
270 3143 299 3196 et
317 3137 415 3215 gravis
433 3138 552 3215 iniquis.
589 3135 668 3197 hunc
686 3135 820 3198 Latinius
838 3137 980 3217 Latiaris,
998 3136 1124 3199 Porcius

115 3226 196 3307 Cato,
210 3224 333 3287 Petilius
349 3224 457 3304 liuius,
472 3223 508 3284 M.
519 3223 627 3303 Opsius
641 3232 781 3304 praetura
795 3227 890 3287 iuncti
899 3225 1124 3305 adgrediuntur,

185 3359 231 3426 dl,
246 3367 262 3414 2
277 3359 493 3429 interrumperet
506 3359 645 3431 Heraeus}
658 3365 674 3414 t
688 3359 816 3433 addidici
832 3368 848 3416 9
862 3360 968 3433 granni
983 3367 1016 3418 te
1031 3361 1125 3417 occul·

115 3429 200 3484 tiores
222 3429 422 3513 Weissenborn:
451 3427 587 3486 occultior
614 3431 751 3500 (occultos
768 3430 883 3512 Jodtb.
904 3431 1071 3513 Gronovius)
1083 3433 1124 3512 cf.

120 3500 1125 3574 Wo'lsllarrirePbrlol.25,119rt27,147}b8,tPetrlrrrsLipsire:potitius
