2392 3876
131 151 173 215 38
494 144 800 203 coenuuurncrrr

131 299 236 376 agique
260 313 372 375 agmen.
414 302 444 356 et
466 294 663 374 opplebantur
686 304 797 357 terrae:
825 297 928 358 eadem
956 298 1035 359 freto
1066 299 1149 362 litori

130 388 242 465 campis
257 386 356 464 iacies,
370 402 467 463 neque
482 383 613 445 discerni
627 391 765 463 poterant
779 385 940 447 incertaab
949 386 1066 467 solidis,
1081 389 1148 450 brc-

130 478 176 536 via
190 493 206 537 a
219 473 385 555 profundis
413 480 588 534 sternuntur
601 471 751 554 ductibus,
765 472 946 536 nascimur
959 476 1148 560 mugitibum

91 577 116 617 1⁰
130 568 269 644 iumenta,
292 565 434 642 sarcinae,
457 578 582 639 corpora
605 562 739 623 exanima
761 561 951 644 interfluunt,
973 574 1147 628 occursant

130 647 349 733 permiscentur
375 652 454 710 inter
481 667 514 710 se
535 649 687 730 manipuli,
713 649 801 711 modo
824 658 955 732 pectore,
978 653 1073 715 modo
1096 673 1147 716 ore

130 752 218 804 tenus
241 746 404 819 exstantes,
432 737 590 817 aliquando
613 737 767 800 subtracto
790 738 853 800 solo
876 739 1075 804 disiecti'aut
1097 743 1146 805 ob·

130 833 199 891 ruti.
227 846 287 889 non
305 845 361 888 vox
379 834 410 887 et
427 828 524 887 mutui
541 825 678 888 hortatus
695 826 836 888 iurabant
853 827 1029 890 adversante
1052 833 1147 914 unda;

130 917 204 981 nibil
224 924 366 977 strenuus
380 914 416 975 ab
431 917 551 994 ignavo,
572 917 690 994 sapiens
708 914 746 976 ab
768 915 956 998 imprudenti,
978 919 1110 982 consilia
1131 938 1147 982 a

91 1021 202 1068 locasti
221 1004 356 1065 differre:
380 1010 486 1065 cuncta
506 1005 573 1082 pari
590 1003 730 1065 violentia
751 1003 986 1067 involvebantur.
1023 1009 1146 1071 tandem

130 1093 264 1155 Vitellius
288 1094 320 1152 in
338 1092 467 1152 editiora
482 1093 584 1154 enisus
602 1092 706 1153 eodem
721 1109 829 1172 agmon·
846 1091 999 1157 subduxit.
1037 1114 1146 1176 perno-

131 1191 248 1245 ctavere
262 1183 326 1243 sina
340 1179 532 1261 utensilibus,
543 1182 609 1241 siue
620 1181 691 1262 igni,
705 1198 810 1260 magna
823 1199 896 1260 pars
907 1181 990 1245 nudo
1003 1191 1060 1247 aut
1073 1187 1145 1249 mul·

130 1279 195 1333 cata
211 1287 349 1350 corpore,
368 1269 447 1330 haud
468 1270 566 1330 minus
584 1268 768 1331 miserabiles
783 1288 873 1349 quam
885 1287 962 1351 quies
975 1270 1078 1336 bostis
1092 1278 1145 1338 cir-

131 1359 289 1421 cumsidet:
311 1360 421 1438 quippe
437 1357 496 1418 illic
511 1359 599 1418 ctiam
613 1356 756 1419 honestae
770 1360 876 1420 mortis
889 1376 972 1440 usus,
987 1359 1038 1422 bis
1053 1363 1145 1444 inglo-

90 1466 116 1505 20
130 1452 210 1511 rium
223 1450 354 1509 exitium.
382 1446 432 1508 lun
446 1446 575 1513 reddidit
588 1452 707 1527 terram,
721 1454 968 1527 penetratumque
979 1449 1016 1510 ed
1027 1469 1145 1514 amnem

131 1536 297 1618 [Visurgin]
302 1584 311 1617 ,
326 1555 385 1616 quo
400 1535 507 1597 Caesar
521 1534 614 1596 classe
629 1534 830 1597 contenderat.
858 1537 1010 1614 inpositae:
1019 1539 1097 1603 dein
1109 1542 1145 1603 lc-

130 1630 242 1709 gioues,
260 1633 382 1706 vagante
398 1625 473 1685 lama
487 1622 671 1705 submersam
688 1641 744 1686 nec
762 1624 837 1686 lidos
850 1624 963 1705 salutis,
983 1634 1146 1710 numquam

130 1717 285 1779 Caesarem
300 1715 523 1792 exercitumque
538 1712 680 1775 reducem
694 1712 801 1774 ridere.

219 1802 270 1864 71.
289 1801 349 1862 lam
365 1802 535 1881 Stertinius,
549 1801 586 1862 ad
600 1801 805 1880 accipiendum
819 1803 851 1862 in
864 1800 1053 1866 deditionem
1066 1806 1145 1887 Segi·

130 1909 246 1954 merum
253 1891 375 1951 tratrem
386 1891 517 1970 Segestis
525 1892 716 1970 praemissus,
730 1891 829 1969 ipsum
839 1897 870 1950 at
879 1889 973 1953 filium
983 1893 1097 1957 eiusin
1107 1898 1145 1956 ci·

130 1983 250 2040 ritatem
255 1978 399 2039 Ubiorum
408 1979 597 2057 perduxerat.
611 1978 678 2038 data
688 1980 809 2057 utrique
816 1978 1005 2058 renia,.iacile
1011 1979 1145 2062 Segime-

130 2085 173 2149 ro,
187 2068 377 2131 cunctantius
391 2066 460 2142 lilio,
475 2069 544 2147 quia
553 2065 690 2137 Quintilii
700 2066 768 2127 Vari
782 2084 898 2146 eorpus.
905 2066 1051 2131 inlusisse
1066 2072 1145 2134 dice

103 2157 226 2218 ebatur.
246 2154 420 2215 ceterumad
428 2154 749 2235 supplenda-exorcitus
759 2155 864 2216 damin
873 2158 1145 2223 certaveretlulliae

130 2245 289 2323 Hispaniae
303 2242 394 2324 Italia,
409 2243 487 2322 quod
502 2245 611 2322 cuique
624 2251 805 2324 promptum,
823 2262 904 2305 arma
923 2262 1017 2324 equos
1036 2265 1145 2311 aurum

131 2334 297 2394 offerentes.
326 2350 453 2411 quorum
462 2331 581 2392 laudato
591 2332 689 2392 studio
700 2331 902 2413 Germanicus,
915 2335 1107 2399 armismodo
1117 2346 1146 2399 et

131 2423 216 2501 equis
226 2420 262 2482 ad
272 2420 384 2481 bellum
394 2423 529 2501 sumptis,
543 2422 664 2499 propria
677 2420 1031 2499 pecuniamilitem-iurit.
1050 2433 1146 2506 utque

131 2511 223 2572 cladis
232 2510 405 2571 memoriam
414 2510 503 2569 etiam
513 2511 650 2570 comitate
662 2508 778 2590 leniret,
792 2511 951 2571 circumire
960 2514 1090 2596 saucios,
1105 2516 1146 2577 le·

92 2615 117 2655 10
131 2608 179 2661 cta
187 2599 374 2677 singulorum
384 2596 538 2677 extoller03
549 2596 672 2658 vulnera
680 2599 801 2659 intuens
810 2597 971 2679 aliumspo,
981 2599 1075 2663 alium
1084 2602 1146 2683 glo·

130 2689 184 2769 ria,
198 2696 322 2748 cunctos
337 2687 475 2766 adloquio
489 2693 519 2746 et
533 2705 604 2746 cura
619 2685 741 2765 sibique
751 2693 781 2746 et
793 2687 908 2764 proelio
922 2687 1070 2751 firmabat

221 2773 271 2836 72.
290 2775 414 2836 Decreta
433 2793 468 2836 eo
487 2793 563 2835 anno
583 2773 772 2854 triumphalia
793 2770 921 2854 insignia
938 2775 971 2836 al.
990 2776 1146 2862 Caecinae,

131 2863 164 2926 L.
182 2864 326 2943 Apronio,
346 2863 376 2925 C.
397 2863 468 2924 Silio
488 2862 526 2924 ab
545 2881 594 2924 res
613 2882 681 2924 cum
700 2862 875 2925 Germanico
894 2871 1013 2942 gestast-
1033 2885 1147 2931 nomen

130 2953 224 3032 patris
238 2954 351 3030 patriae
366 2951 512 3032 Tiberius,
534 2951 673 3032 apopulo
692 2954 811 3030 saepius
829 2955 986 3034 ingestum,
1005 2957 1147 3034 repudia·

130 3042 186 3121 vit;
203 3058 300 3118 neque
314 3041 346 3100 in
360 3048 425 3101 acta
439 3058 493 3101 sua
506 3043 598 3101 iurari
609 3058 787 3119 quamquam
800 3047 943 3102 censente
956 3051 1147 3124 senatu-per·

104 3142 116 3182 ⁶
130 3131 220 3209 misit,
242 3135 349 3189 cuncta
362 3129 531 3190 mortalium
545 3131 672 3208 incerta,
691 3135 862 3209 quantoque
880 3130 948 3209 plus
961 3130 1090 3210 adeptus
1105 3136 1148 3197 fo·

203 3350 660 3422 to,14ebinprudenairapatos=
676 3367 693 3405 a
706 3350 839 3420 prudenti
855 3355 859 3421 Ι
877 3358 910 3408 18
925 3352 1150 3412 circumsidebat
1195 3395 1196 3402 κ

135 3422 264 3490 Urlichs!
286 3429 318 3478 19
344 3421 402 3476 illis
422 3423 459 3476 M
474 3439 541 3479 corr.
562 3425 567 3490 Ι
587 3430 619 3478 21
643 3419 800 3494 [Visurgin]
822 3423 973 3492 Maraccus,
992 3423 1149 3499 Unsingim
1192 3446 1195 3453 ·

130 3492 237 3565 Altinp,
256 3492 374 3549 Vidium
392 3494 523 3564 Lebedum
541 3496 575 3562 cs.
595 3493 688 3549 Utere·
706 3494 847 3561 aromaph.
865 3492 1029 3550 Germaniae
1042 3513 1076 3566 p.
1093 3504 1150 3557 189
