2408 3870
112 163 156 228 26
459 162 628 219 CORNELII
645 161 764 218 ΤΑΟΙΤΙ

111 314 251 373 verentia.
286 311 374 374 simui
394 310 634 373 adulescentibus
653 318 827 374 excusatum
849 312 994 390 quaedam
1014 312 1052 373 ad
1078 332 1129 392 pa·

112 408 189 460 trem
203 403 329 480 reicere,
349 402 576 479 resistentisque
591 400 765 460 Germanico
780 408 830 461 aut
844 399 940 462 Druso
956 418 1045 479 pesse
1061 420 1079 461 a
1095 420 1128 463 se

72 488 98 546 ¹.⁰
112 491 241 586 pritigari
254 489 300 550 vel
319 490 454 568 infringi:
473 488 552 568 quod
571 487 649 549 aliud
669 487 849 568 subsidium,
868 491 894 549 si
912 490 1129 567 imperatorem

112 574 315 656 sprevissent?
338 585 472 639 ceterum
495 583 529 637 ut
551 578 609 637 iam
632 578 749 655 iamque
772 579 869 638 iturus
893 577 965 655 legit
988 580 1128 657 comites,

112 668 290 744 conquisivit
303 665 526 744 impedimenta,
545 664 698 725 adornavit
716 682 818 726 naves:
837 682 905 726 mox
925 665 1056 727 hiemem
1075 676 1129 729 aut

111 756 228 832 negotia
242 756 322 814 varie
336 760 475 814 causatus
488 755 585 831 primo
599 752 774 833 prudentes,
787 753 858 815 dein
872 753 1002 833 vulgum,
1018 753 1128 817 diutis-

112 845 186 903 sime
200 844 368 921 provincias
383 841 494 902 fefellit.
948 882 952 889 -

178 928 231 991 48.
249 931 287 990 ht
301 930 502 1008 Germanicus,
517 947 694 1008 quamquam
708 936 861 990 contrecto
875 931 1010 990 exercitu
1029 936 1063 992 at
1076 949 1129 1008 pa·

112 1026 176 1081 rata
194 1020 226 1079 in
244 1018 409 1078 defectores
429 1017 555 1098 ultione,
573 1017 701 1078 dandum
720 1017 828 1095 adhuc,
838 1019 966 1096 spetlum
980 1019 1082 1099 ratus,
1101 1021 1130 1079 si

112 1109 227 1169 recenti
249 1106 384 1185 exemplo
403 1105 536 1184 sibiipsi
559 1105 761 1186 consulerent,
785 1107 948 1184 praemittit
966 1105 1073 1168 literas
1090 1107 1130 1167 ad

113 1195 282 1274 Caecinam,
301 1197 403 1255 venire
422 1212 454 1254 se
469 1193 561 1254 valida
576 1211 665 1254 manu
680 1212 727 1275 ee,
746 1196 778 1254 ni
791 1193 972 1273 supplicium
984 1195 1016 1255 in
1031 1194 1130 1257 malos

85 1291 315 1363 spraesumant,
335 1301 460 1344 usurum
477 1284 625 1361 promisca
644 1283 742 1344 caede.
775 1300 825 1344 eas
844 1281 969 1344 Caecina
990 1282 1130 1362 aquilife·

112 1375 155 1434 ris
179 1372 388 1450 signiferisque
407 1380 437 1432 et
455 1372 536 1451 quod
558 1372 684 1432 maxime
703 1379 870 1432 castrorum
889 1373 1043 1432 sincerum
1062 1380 1132 1434 erat

113 1460 229 1522 occulte
247 1463 365 1539 recitat,
385 1468 478 1539 utque
497 1468 622 1521 cunctos
641 1460 791 1539 infamiae,
810 1477 842 1520 se
856 1461 938 1539 ipsos
957 1462 1051 1521 morti
1065 1462 1130 1523 exi·

112 1558 193 1610 mant
211 1550 360 1610 hortatur:
383 1567 451 1610 nam
469 1551 500 1610 in
519 1567 591 1628 pace
610 1565 714 1609 causas
733 1556 763 1608 et
781 1551 886 1609 merita
905 1549 1051 1629 spectari,
1074 1548 1130 1610 nbi

112 1638 223 1699 bellum
237 1633 366 1718 ingruat,
388 1640 562 1698 innocentes
581 1655 614 1697 ec
629 1639 732 1697 noxios
747 1638 828 1697 iuxta
843 1636 958 1698 eadere.
993 1635 1040 1696 illi
1053 1645 1132 1698 tem·

73 1748 99 1788 ιο
112 1730 201 1806 ptatis
221 1745 296 1806 quos
314 1727 437 1787 idoneos
456 1724 611 1803 rebantur,
634 1733 791 1804 postquam
809 1727 951 1786 maiorem
974 1723 1133 1803 legionum

112 1817 273 1894 partemin
287 1815 385 1874 officio
400 1813 514 1891 vident,
533 1812 570 1873 de
584 1815 732 1874 sententia
746 1811 834 1891 legati
847 1820 983 1874 statuunt
995 1820 1132 1894 tempus,

113 1922 172 1981 quo
191 1903 394 1963 foedissimum
413 1919 561 1980 quemque
580 1909 610 1961 et
628 1901 767 1962 seditioni
789 1909 961 1980 promptum
981 1900 1064 1961 ferro
1086 1904 1132 1963 in-

112 1991 227 2050 vamnt.
250 1997 322 2050 tunc
333 1991 416 2068 signo
430 1991 509 2049 inter
524 2007 556 2050 se
570 1989 638 2049 dato
652 1991 828 2076 inrumpunt
842 1988 1049 2070 contubernia,
1064 1997 1133 2052 tru-

114 2079 213 2139 cidant
231 2080 363 2158 ignaros,
381 2077 463 2138 nullo
481 2080 541 2138 nisi
558 2080 686 2138 consciis
705 2086 846 2140 noscente
861 2078 940 2157 quod
955 2077 1058 2138 caedis
1072 2081 1133 2141 ini-

74 2184 99 2226 1a
114 2169 201 2245 tium,
215 2168 282 2245 quis
297 2167 374 2226 finis.
994 2217 1001 2229 ,

179 2252 232 2316 49.
255 2253 376 2315 Diversa
399 2251 543 2335 omnium,
567 2272 642 2332 quae
662 2272 802 2333 umquam
821 2253 969 2333 accidere,
992 2254 1133 2317 civilium

114 2360 265 2404 armorum
279 2342 377 2404 facies.
405 2361 465 2403 non
483 2342 611 2423 proelio,
630 2360 688 2402 uon
703 2342 835 2404 adversis
849 2361 866 2403 e
880 2344 999 2422 castris,
1019 2343 1081 2423 sed.
1092 2347 1132 2409 is-

114 2431 182 2493 dem
191 2450 208 2492 e
218 2430 376 2511 cubilibus,
391 2449 465 2510 quos
479 2431 568 2491 simui
582 2432 729 2492 vescentis
743 2430 817 2511 dies,
832 2431 920 2492 simui
934 2432 1054 2510 quietos
1067 2449 1132 2495 nex

112 2519 271 2600 habuerat,
284 2519 443 2579 discedunt
455 2521 486 2580 in
500 2528 614 2599 partes,
628 2521 769 2598 ingerunt
782 2518 848 2580 tela.
879 2519 989 2580 clamor
1004 2519 1132 2582 vtdnera

87 2611 234 2686 ssanguis
252 2607 360 2688 palam,
384 2626 473 2669 eausa
491 2609 522 2668 in
541 2608 671 2689 occult03
695 2616 794 2669 cetera
812 2607 874 2668 fors
893 2609 979 2686 regit.
1012 2614 1043 2668 et
1063 2611 1132 2688 qui·

114 2698 183 2758 dam
200 2696 347 2757 bonorum
366 2698 457 2776 caesi,
476 2705 634 2775 postquam
651 2696 802 2758 intellecto
821 2697 942 2775 inques
961 2699 1132 2760 saeviretur

113 2787 237 2865 pessimi
251 2803 370 2864 quoque
383 2803 464 2845 arma
477 2792 646 2864 rapuerant.
676 2803 774 2864 neque
793 2784 907 2863 legatus
922 2792 973 2845 aut
986 2784 1132 2848 tribunus

114 2873 284 2935 moderator
302 2873 408 2936 adfuit:
427 2876 572 2952 permissa
589 2874 677 2952 vulgo
695 2875 814 2935 licentia
835 2881 923 2952 atque
942 2872 1017 2933 ultio
1036 2882 1069 2937 et
1087 2892 1131 2936 sa·

114 2966 209 3022 tietas.
250 2981 319 3023 mox
341 2963 495 3042 ingressus
518 2971 614 3024 castra
638 2963 843 3042 Germanicus,
866 2979 926 3022 non
949 2961 1132 3024 medicinam

74 3065 101 3105 1⁰
114 3050 187 3112 illud
208 3050 345 3130 plurimis
364 3070 432 3112 cum
451 3051 589 3130 lacrimis,
609 3050 661 3111 sed
680 3050 794 3111 cladem
813 3049 976 3129 appellans,
1000 3055 1133 3113 cremari

115 3158 240 3218 corpora
255 3139 346 3200 iubet.

181 3226 295 3289 Truces
305 3230 467 3288 etiamtum
478 3228 591 3287 animos
605 3225 714 3304 cupido
728 3226 838 3287 involat
852 3226 943 3287 eundi
957 3228 987 3287 in
1002 3227 1132 3314 hostem,

114 3315 265 3394 piaculum
280 3316 403 3394 furoris;
423 3331 478 3374 nec
493 3313 578 3374 aliter
591 3331 679 3392 posse
693 3313 804 3392 placari
819 3313 1056 3376 commilitonum
1071 3337 1133 3379 ma·

114 3421 182 3483 nes,
202 3421 289 3481 quam
308 3405 334 3462 si
351 3400 524 3481 pectoribus
542 3402 642 3480 impiis
660 3401 783 3463 honesta
798 3402 920 3464 vulnera
934 3406 1133 3483 accepissent

75 3492 252 3568 insequitur
271 3489 409 3550 ardorem
426 3489 554 3550 militum
574 3489 680 3551 Cacsar
700 3494 862 3571 iunctoque
881 3498 971 3570 ponte
990 3496 1135 3557 tramittit
