2408 3870
114 173 178 239 302
464 169 635 225 CORNELII
653 169 769 225 Thurri

113 321 269 401 miscebat,
292 327 326 381 ut
350 327 527 399 spernerent
546 337 668 380 sonores
686 318 882 381 barbarorum
902 328 932 382 et
949 322 1057 381 inanes
1077 325 1133 383 mi-

113 428 179 471 nas:
202 409 270 489 plus
293 408 353 470 illic
377 410 554 469 seminarum
574 426 662 487 quam
681 409 844 469 iuventutis
863 412 964 488 aspici.
1002 409 1134 471 inbelles

87 514 99 553 a
114 501 243 559 inermes
257 515 395 559 cessuros
410 499 523 578 statim,
536 496 588 558 ubi
602 497 715 557 ferrum
730 499 929 577 virtutemque
943 500 1131 583 vincentium

114 590 223 648 totiens
237 587 296 648 lusi
311 586 528 665 adgnouissent.
561 587 650 645 etiarn
664 587 696 646 iu
709 585 811 646 multis
826 585 992 664 legionibus
1006 605 1131 669 paucos

115 679 166 756 qui
180 675 291 754 proelia
305 675 510 754 profligarent3
524 672 693 752 gloriaeque
709 692 813 735 eorum
828 692 1033 756 accessurum,
1049 677 1130 756 quod

114 765 229 826 modica
239 781 344 824 manus
358 764 491 824 universi
504 763 652 822 exercitus
667 763 775 822 lamam
788 763 1034 841 adipiscerentur.
1060 783 1131 826 con·

114 854 184 915 ferti
198 861 312 914 tantum
327 858 357 912 et
371 849 439 931 pilis
453 852 583 930 emissis,
601 859 670 929 post
686 850 866 912 umbonibus
885 860 915 912 et
933 852 1040 931 gladiis
1055 862 1130 915 stra-

75 957 181 1020 rogem
209 940 389 1018 eaedemque
417 940 637 1020 continuarent,
666 940 793 1019 praedae
822 942 1014 1002 inmemores:
1043 951 1129 1022 parta

115 1031 237 1090 victoria
258 1035 365 1090 cuncta
386 1029 459 1107 ipsis
480 1045 609 1089 cessura.
648 1029 675 1088 is
696 1028 784 1089 ardor
805 1028 894 1090 rerba
914 1029 1000 1091 ducis
1022 1049 1129 1111 seque·

114 1118 215 1197 batur,
240 1119 280 1178 ita
299 1134 331 1177 sc
350 1116 386 1177 ad
405 1117 603 1197 intorquenda
621 1116 679 1195 pila
698 1117 870 1196 expedierat
889 1125 974 1179 vetus
992 1118 1080 1180 miles
1100 1129 1130 1180 et

114 1205 207 1267 multa
224 1204 404 1285 proeliorum
423 1207 618 1286 experientia,
641 1213 676 1266 ut
698 1213 799 1266 certus
822 1214 945 1268 eventus
965 1206 1131 1269 Suetonius

114 1295 196 1355 daret
212 1311 327 1373 pugnae
342 1296 468 1372 signum.

181 1381 232 1445 37.
251 1384 291 1444 hc
309 1385 440 1462 primum
457 1382 534 1462 legio
553 1383 647 1462 gradu
661 1385 773 1443 inmota
788 1391 819 1444 et
833 1387 983 1462 angustias
997 1385 1059 1446 loci
1073 1405 1128 1466 pro

113 1475 298 1534 munimento
317 1474 463 1552 retinens,
481 1478 639 1550 postquam
653 1473 684 1532 in
698 1474 822 1550 propius
838 1491 1013 1552 suggressos
1032 1474 1130 1536 bostis

114 1570 197 1623 certo
216 1563 294 1622 iactu
314 1560 372 1622 tela
390 1560 580 1641 exhauserat,
599 1559 679 1621 velut
697 1578 792 1621 cuneo
811 1565 919 1641 erupit.
946 1562 1026 1622 idem
1046 1566 1128 1624 auxi-

114 1650 231 1711 liarium
253 1652 395 1730 impetus3
420 1656 451 1710 et
473 1666 566 1728 eques
589 1651 735 1727 protentis
754 1649 847 1710 hastis
865 1651 1024 1730 perfringit
1048 1653 1129 1733 quod

88 1772 100 1812 5
114 1739 234 1800 obvium
248 1746 278 1799 et
292 1732 420 1798 validum
435 1746 506 1798 erat.
535 1740 629 1798 ceteri
643 1746 724 1816 terga
738 1737 912 1820 praebuere,
926 1739 1042 1801 difficili
1056 1742 1129 1802 eliu-

113 1830 170 1908 gio,
189 1829 257 1907 quia
272 1828 463 1888 circumiecta
478 1825 612 1887 vehicula
626 1835 798 1905 saepserant
811 1826 917 1889 abitus.
945 1835 976 1888 et
989 1829 1076 1890 miles
1092 1849 1129 1890 ne

112 1917 272 1977 mulierum
295 1915 414 1994 quidem
437 1917 504 1975 neci
526 1915 723 1996 temperabat,
747 1916 919 1996 confixaque
942 1916 1010 1978 telis
1037 1921 1130 1979 etiam

112 2009 244 2066 iumenta
259 2021 417 2081 corporum
432 2002 583 2064 cumulum
597 2013 746 2064 auxerant.
767 2004 845 2065 clara
855 2012 886 2066 et
894 2007 1025 2085 antiquis
1035 2011 1129 2068 victo-

113 2096 166 2154 riis
180 2110 234 2171 par
248 2110 282 2152 ea
297 2092 344 2152 die
358 2090 422 2151 laus
436 2098 533 2168 parta:
548 2093 657 2170 quippe
672 2100 742 2152 sant
756 2095 808 2171 qui
822 2093 909 2172 paulo
923 2095 1023 2156 minus
1039 2113 1130 2176 quam

75 2215 99 2253 10
114 2183 262 2259 octoginta
276 2178 357 2239 milia
370 2178 580 2239 Britannorum
596 2180 738 2240 cecidisse
758 2180 889 2263 tradant,
907 2182 1037 2244 militum
1058 2203 1129 2264 qua-

113 2271 278 2348 dringentis
306 2267 399 2327 ferme
422 2268 588 2328 interiectis
610 2286 665 2329 nec
689 2268 782 2330 multo
806 2271 1129 2350 ampliusculneratis.

112 2358 260 2419 Boudicca
278 2358 367 2418 vitam
387 2374 499 2417 veneno
518 2358 621 2419 linivit.
656 2366 687 2419 et
704 2357 833 2420 Poenius
851 2359 1024 2441 Postumus,
1043 2380 1129 2441 prae-

112 2448 209 2509 lectus
228 2454 394 2507 castrorum
412 2445 559 2507 secundae
579 2446 716 2528 legionis,
736 2450 864 2527 cognitis
883 2449 1129 2528 quartadecuma-

112 2555 218 2599 norum
233 2537 559 2615 vicensimanorumque
573 2538 726 2615 prosperis
740 2536 843 2618 rebus,
863 2540 930 2617 quia
949 2541 1014 2617 pari
1034 2539 1129 2618 gloria

72 2658 97 2696 15
111 2627 258 2706 legionem
272 2642 356 2686 suam
370 2625 556 2685 fraudaverat
569 2625 771 2703 abnueratque
786 2632 889 2686 contra
903 2629 993 2687 ritum
1004 2627 1130 2690 militiae

112 2719 192 2776 iussa
207 2715 304 2794 ducis,
318 2733 350 2774 se
365 2715 428 2793 ipse
443 2712 539 2791 gladio
553 2714 705 2793 transegit

178 2800 229 2864 38.
248 2803 425 2863 Contractus
442 2802 549 2864 deinde
570 2805 665 2863 omnis
684 2804 833 2866 exercitus
852 2802 908 2864 sub
926 2804 1058 2883 pellibus
1077 2807 1129 2868 ha-

112 2893 193 2953 bitus
212 2900 257 2951 est
276 2891 312 2950 ad
331 2890 445 2970 reliqua
465 2890 534 2952 belli
548 2891 754 2970 perpetranda.
782 2893 924 2971 auxitque
939 2895 1041 2973 copias
1057 2895 1129 2957 Cae·

112 2999 161 3042 sar
180 2982 278 3040 missis
297 2998 332 3040 ex
347 2979 503 3040 Germania
522 2980 639 3040 duobus
657 2978 887 3059 legionariorum
905 2980 1040 3063 milibus,
1060 2993 1130 3046 octo

112 3069 297 3132 auxiliarium
317 3067 490 3130 cohortibus
508 3087 542 3129 ac
561 3067 640 3128 mille
660 3068 822 3150 equitibus,
847 3087 973 3149 quorum
997 3070 1129 3135 adventu

39 3295 41 3299 ,
181 3242 228 3311 36,
249 3247 280 3295 11
299 3241 364 3312 ipsa
382 3239 418 3295 iis
436 3240 586 3295 Doederlein
610 3241 615 3309 Ι
642 3245 674 3294 13
700 3242 814 3307 eventu,
842 3241 1132 3312 em.1lhenonus(de

112 3315 214 3369 eventu
232 3313 333 3382 Ritter)
349 3317 354 3381 Ι
371 3312 447 3378 dm
466 3311 617 3380 postquam
635 3312 751 3381 propius
770 3327 936 3382 suggressus
954 3311 1060 3382 bostis,
1080 3333 1131 3372 em.

110 3385 260 3442 Ddderlein
288 3387 370 3453 (pp.
397 3380 556 3450 suggressio
579 3381 708 3436 hostibus
732 3382 860 3452 Lipsius)
875 3384 913 3453 l⁵
938 3381 1075 3454 effugium
1092 3390 1132 3457 l⁷

110 3455 162 3510 teli
178 3458 215 3525 18
235 3455 371 3508 suxerunt
389 3451 521 3508 Frontem
545 3456 550 3524 1
577 3459 609 3508 10
629 3454 692 3508 octo
718 3455 787 3510 coni,
807 3453 999 3526 Nipperdeyel·
1013 3461 1048 3510 16
1066 3455 1133 3528 ipse

111 3531 146 3582 A.
166 3526 298 3596 Rreperte':
317 3525 409 3594 ipsum
