2392 3876
278 159 326 212 AB
344 157 504 214 Excusso
521 157 678 214 AUGUSTI
695 159 740 213 111.
761 165 874 217 cs-tt.
1011 159 1074 224 119

134 305 184 369 70.
198 308 269 369 Post
283 308 376 368 auditi
389 308 581 387 Cyrenenses,
596 315 627 368 et
640 316 797 370 accusante
811 307 958 369 Anchario
972 308 1074 368 Prisco

65 398 187 458 Caesius
197 395 311 456 Cordus
326 395 557 474 repetundarum
572 395 736 458 damnatur.
765 396 795 456 L.
806 395 935 457 Ennium
946 400 1076 475 equitem

68 487 243 564 Romanum,
271 486 432 545 maiestatis
456 483 649 565 postulatum,
677 485 757 564 qnod
782 485 909 564 effigiem
933 487 1076 565 principis

68 575 248 653 promiscum
262 572 299 632 ad
313 590 401 633 usum
411 574 526 651 argenti
539 574 685 653 vertisset,
701 575 794 652 recipi
804 572 911 634 Caesar
921 575 998 634 inter
1008 591 1076 634 reos

67 664 173 742 vetuit,
201 660 296 740 palam
319 660 495 739 aspernante
517 661 602 721 Ateio
626 661 767 740 Capitone
795 663 880 741 quasi
908 680 961 741 per
988 662 1103 722 liber-s

68 759 166 812 tatem.
194 767 253 810 non
273 751 352 810 enim
371 749 480 810 debere
499 751 576 828 eripi
593 749 728 827 patribus
743 752 800 811 vim
816 750 966 811 statuendi
980 769 1077 830 neque

68 847 183 900 tantum
202 837 378 898 maleficium
401 839 522 916 impune
546 837 722 899 babendum.
760 857 830 901 sane
851 838 949 900 lentus
972 841 1004 898 in
1023 857 1077 899 sno

68 927 169 987 dolore
195 932 286 987 esset:
309 924 511 1004 reipublicae
535 928 658 988 iniurias
676 945 714 987 ne
733 927 901 1005 largiretur.
932 926 1079 987 intellexit

69 1015 142 1073 haec
156 1013 302 1093 Tiberius,
321 1020 356 1074 ut
373 1021 458 1075 erant
476 1017 567 1094 magis
582 1034 670 1095 quam
684 1022 718 1076 ut
732 1015 915 1097 dicebantur,
936 1017 1078 1094 perstitit-

70 1120 127 1182 que
143 1102 335 1163 intercedere.
361 1101 463 1181 Capito
478 1105 647 1182 insignitior
656 1104 775 1165 infamia
786 1104 849 1183 luit,
864 1105 942 1183 qnod
957 1104 1118 1165 humani1o

68 1191 220 1270 divinique
238 1192 313 1252 iuris
332 1193 430 1253 sciens
450 1193 602 1271 egregium
622 1191 775 1270 publicum
790 1200 820 1253 et
833 1192 925 1253 bonas
940 1192 1020 1253 domi
1034 1210 1078 1253 ar·

70 1289 114 1340 tes
129 1279 390 1341 dehonestavisset.

138 1365 188 1427 tl.
212 1368 336 1428 Incessit
356 1368 426 1427 dein
447 1367 564 1446 religio,
588 1384 715 1445 quonam
739 1369 769 1428 in
793 1368 901 1447 templo
923 1369 1079 1430 locandum

71 1457 148 1514 toret
166 1454 291 1535 donum,
313 1455 392 1534 quod
411 1473 465 1532 pro
480 1454 647 1514 valetudine
661 1456 811 1532 Augustae
826 1459 942 1534 equites
956 1456 1080 1518 Romani

72 1550 212 1603 voverant
239 1544 372 1621 equestri
399 1541 559 1603 Fortunae:
587 1560 655 1602 nam
683 1544 739 1602 etsi
766 1542 888 1603 delubra
916 1540 980 1604 etus
1008 1544 1079 1604 deae

72 1630 163 1691 multa
175 1633 204 1690 in
220 1630 303 1710 urbe,
318 1629 432 1690 nullum
446 1637 544 1690 tamen
559 1629 610 1690 tali
623 1638 817 1709 cognomento
833 1638 904 1692 erat.
928 1639 1080 1710 repertum

71 1728 118 1780 est
132 1719 234 1779 aedem
249 1736 315 1778 esse
333 1718 411 1797 apud
425 1718 559 1798 Antium,
584 1736 658 1797 quae
682 1721 729 1780 sic·
749 1728 985 1800 nuncuparetur,
1009 1732 1107 1781 cun-⁵

71 1817 193 1886 ctasque
213 1808 406 1869 caerimonias
425 1806 534 1868 ltalicis
556 1809 587 1867 in
611 1807 728 1886 oppidis
752 1808 917 1887 templaque
937 1817 967 1869 et
984 1810 1080 1869 numi-

72 1915 143 1957 num
167 1895 280 1975 elligies
301 1897 376 1955 iuris
398 1902 487 1974 atquc
512 1897 629 1974 imperii
648 1896 772 1957 Romani
795 1914 869 1957 esse.
906 1898 946 1958 ita
969 1897 1081 1958 donum

70 1984 148 2063 apud
163 1984 283 2045 Antium
298 1985 447 2045 statuitur.
480 1990 510 2043 et
524 1987 662 2063 quoniam
677 1985 714 2045 de
728 1984 922 2064 religionibus
937 1985 1080 2048 tractaba-

70 2083 130 2153 tur,
150 2073 272 2134 dilatum
293 2090 388 2151 nuper
401 2090 578 2151 responsum
593 2072 734 2134 adversus
750 2073 886 2134 Servium
899 2073 1079 2153 Maluginen-

71 2180 135 2223 sem
149 2161 295 2221 flaminem
311 2160 421 2221 Dialem
436 2163 583 2240 prompsit
597 2161 704 2223 Caesar
719 2164 911 2242 recitavitque
926 2162 1080 2224 decretum
1095 2177 1121 2216 10

71 2250 259 2329 pontificum,
282 2251 420 2329 quotiens
442 2248 578 2310 valetudo
602 2250 723 2311 adversa
742 2250 889 2311 llaminem
908 2250 1019 2312 Dialem
1037 2254 1080 2310 in·

14 2405 16 2409 ,
72 2340 225 2419 cessisset,
245 2345 278 2398 ut
296 2339 444 2416 pontificis
459 2339 577 2398 maximi
591 2337 714 2398 arbitrio
728 2339 795 2417 plus
810 2357 899 2418 quam
917 2339 1080 2401 binoctium

21 2431 23 2435 ’
71 2426 201 2506 abesset,
221 2426 291 2486 dum
311 2443 348 2485 ne
367 2425 473 2486 diebus
491 2426 603 2504 publici
622 2427 758 2487 sacrificii
777 2445 836 2487 neu
856 2429 973 2507 saepius
993 2445 1081 2507 quam

72 2517 119 2576 bis
143 2514 269 2576 eundem
293 2516 324 2574 in
347 2532 471 2594 annum;
500 2532 574 2593 qnae
602 2515 736 2594 principe
759 2515 893 2593 Augusto
921 2518 1081 2575 constituta
1159 2532 1161 2534 ·

72 2605 145 2664 satis
164 2601 359 2663 ostendebant
377 2619 505 2663 annuam
523 2602 684 2662 absentiam
704 2610 734 2663 et
751 2604 970 2682 provinciarum
991 2602 1121 2662 admi-1⁵

73 2693 279 2751 nistrationem
298 2688 428 2751 lllalibus
448 2708 509 2750 non
523 2690 655 2750 concedi.
683 2690 961 2769 memorabaturque
975 2690 1008 2751 L.
1022 2689 1080 2751 lle·

73 2777 137 2839 telli
154 2778 302 2857 pontilicis
325 2780 443 2839 maximi
457 2778 632 2858 exemplum,
647 2781 698 2857 qni
712 2778 820 2839 bulum
833 2777 1017 2839 Postumium
1033 2779 1081 2840 lla·

73 2869 184 2927 minem
203 2868 378 2927 attinuisset.
409 2868 450 2927 ita
470 2884 534 2928 sors
553 2866 638 2926 Asiae
657 2869 688 2926 in
709 2884 790 2945 eum,
810 2869 862 2946 qui
881 2868 1081 2928 consularium

72 2955 266 3035 Maluginensi
281 2957 433 3034 proximus
448 2963 519 3033 erat,
534 2954 657 3016 conlata.

141 3041 190 3105 72.
211 3043 307 3103 lsdem
326 3042 430 3103 diebus
445 3042 574 3121 Lepidus
589 3042 624 3103 ab
639 3051 743 3104 senatu
765 3045 870 3122 petivit
883 3052 918 3105 ut
931 3043 1082 3105 basilicam

72 3132 165 3212 Pauli,
180 3130 302 3192 Aemilia
317 3138 515 3210 monumenta,
530 3134 649 3211 propria
663 3135 789 3210 pecunia
804 3133 935 3193 tirmaret
949 3139 1081 3191 ornaret-

71 3239 139 3300 que.
168 3227 231 3281 erat
245 3220 334 3279 etiam
349 3225 411 3279 tum
425 3220 456 3278 in
467 3236 548 3279 more
562 3218 904 3301 publicamnnificentia3
919 3238 973 3280 neo
984 3219 1082 3297 dugu-

145 3355 189 3423 u,
210 3361 243 3410 to
261 3352 401 3424 prompsit
418 3353 545 3422 Lipsiae
569 3353 699 3422 promisit
723 3357 727 3422 Ι
754 3360 784 3408 11
805 3352 935 3424 quotiens
952 3367 1010 3404 non
1027 3351 1082 3406 val.

73 3425 176 3492 Haase,
196 3426 248 3480 atti
265 3427 297 3480 tn
311 3426 449 3495 proximis
462 3422 634 3492 (incessisset
646 3427 688 3494 ut)
703 3426 836 3494 quaedam
850 3425 936 3478 deesse
949 3427 1083 3488 statuunt,

71 3498 107 3564 cs.
127 3502 217 3552 tamen
237 3496 379 3567 Madvigii
396 3495 468 3551 Ado.
487 3494 602 3564 1I‚545
618 3497 623 3565 Ι
640 3495 684 3562 ts,
701 3503 714 3549 1
733 3492 771 3550 M.
789 3493 911 3563 Lepidus
924 3493 1088 3565 Nipperdey»
