2392 3876
111 184 154 249 62
460 184 629 240 CORNELII
647 184 765 240 TAOITI

109 350 182 411 rago
196 351 315 394 reamare
330 333 409 412 apud
422 335 627 412 inperitissimi
640 335 785 414 cuiusque
800 339 953 412 promptas
965 351 1052 394 aures
1067 343 1119 395 aut

110 438 230 482 rursum
245 422 323 500 apud
337 421 472 483 turbidos
486 439 581 500 eoque
594 438 668 481 nova
677 423 840 498 cupientes.
864 429 952 501 atque
962 423 1026 500 ipse
1036 422 1117 483 adire

71 522 97 568 ae
110 512 271 589 municipia
285 509 413 570 obscuro
427 510 485 569 diei
489 555 498 590 ,
512 527 610 588 neque
622 508 773 588 propalam
788 511 880 588 aspici
893 527 990 588 neque
1005 510 1117 571 diutius

110 599 206 659 isdem
224 597 310 677 locis,
330 598 382 658 sod
400 599 469 676 quia
487 599 596 657 veritas
614 599 680 656 visu
694 605 726 658 et
738 610 829 677 mora,
844 597 915 657 lalsa
928 597 1115 658 testinatione

111 694 142 747 et
155 689 278 747 incertis
292 685 456 765 valescunt,
470 684 657 764 relinquebat
671 686 776 746 lamam
793 692 844 746 aut
857 685 1071 764 praeveniebat.

176 772 228 834 40.
252 773 431 851 Vulgabatur
458 774 578 834 interim
606 791 660 853 per
682 772 795 834 ltaliam
823 781 970 834 serratum
992 792 1116 834 meruere

111 863 199 923 deum
228 860 399 942 Agrippam,
428 860 606 924 credebatur
635 861 758 944 Romae3
787 865 904 941 iamque
932 861 1044 923 Ostiam
1073 864 1116 922 in-

109 955 227 1009 vectum
240 948 399 1012 multitudo
416 951 535 1031 ingens,
553 952 612 1010 iam
630 951 661 1012 in
675 950 751 1011 urbe
765 950 941 1011 clandestini
954 957 1057 1011 coetus
1072 969 1117 1010 ce·

110 1036 276 1118 lebrabunt,
294 1055 364 1098 oum
377 1037 530 1098 'liberium
548 1055 658 1116 anceps
676 1056 747 1099 cura
766 1038 945 1119 distrahere,
964 1041 1030 1099 vine
1044 1039 1119 1098 mili-

84 1146 97 1187 e
111 1133 174 1186 tum
184 1142 302 1186 servum
313 1143 401 1187 suum
415 1131 568 1188 coerceret
582 1145 618 1186 an
631 1129 750 1187 inanem
764 1126 970 1187 credulitatem
984 1135 1118 1205 tempere

110 1216 175 1291 ipso
193 1230 352 1275 vanescere
371 1216 496 1276 sineret:
518 1214 608 1296 modo
626 1214 700 1274 nihil
719 1214 932 1294 spernendum,
951 1214 1038 1275 modo
1058 1233 1119 1274 non

110 1303 207 1361 omnia
225 1303 384 1364 metuenda
403 1304 558 1381 ambiguus
576 1302 699 1381 pudoris
719 1320 752 1364 ac
766 1311 863 1364 metus
877 1301 1040 1382 reputabat.
1068 1322 1119 1381 po·

112 1397 222 1451 stremo
241 1391 293 1452 det
309 1393 461 1470 negotium
476 1390 615 1452 Sallustio
630 1391 742 1470 Crispo.
770 1391 820 1452 ille
834 1409 851 1452 e
865 1390 1025 1452 clientibus
1043 1391 1119 1452 duos

112 1472 246 1561 (quidam
259 1479 369 1541 milites
383 1480 476 1541 luisse
488 1473 625 1562 tradunt)
640 1479 742 1559 deligit
755 1488 843 1560 atque
861 1479 1011 1560 bortatur,
1030 1481 1119 1540 simu·

73 1588 100 1628 ro
113 1567 170 1628 lata
190 1571 372 1630 conscientie
389 1569 510 1648 adeant,
529 1569 656 1629 offerant
670 1571 840 1650 pecuniam,
858 1568 946 1629 iidem
965 1575 1053 1649 atque
1070 1586 1119 1648 pe-

113 1655 207 1717 ricula
220 1656 424 1736 polliceantur.
448 1663 654 1736 exsequuntur
666 1664 700 1716 ut
713 1659 830 1717 iussum
843 1663 914 1717 erat
938 1657 1006 1717 dein
1017 1673 1119 1734 specu·

112 1744 164 1804 lati
191 1753 309 1805 noctem
336 1745 558 1824 incustoditam,
586 1751 706 1822 accepta
730 1746 834 1805 idonea
857 1763 960 1826 manu,
989 1746 1119 1805 vinctum

113 1831 213 1893 clauso
223 1851 274 1895 ore
284 1835 315 1892 in
325 1832 468 1892 Palatium
477 1839 603 1892 traxere.
625 1834 813 1909 percontanti
823 1832 951 1912 Tiberio,
964 1849 1022 1910 quo
1032 1832 1119 1892 modo

112 1922 241 1999 Agrippa
259 1920 354 1980 sactus
373 1926 464 1999 esset,
482 1919 673 1996 respondisse
691 1919 787 1979 fertur
808 1915 877 1997 ‘qno
895 1920 982 1980 modo
1001 1926 1035 1980 tu
1050 1919 1120 1981 Cae·

73 2026 98 2067 re
113 2002 181 2068 sar!
212 1995 366 2068 ut‘dderet
384 2009 480 2068 socios
499 2007 597 2086 subigi
615 2023 675 2066 non
694 2009 799 2084 potuit.
829 2023 885 2066 neo
898 2004 1036 2068 Tiberius
1050 2027 1120 2087 poe·

111 2112 180 2156 nam
194 2096 258 2154 eius
272 2093 368 2173 palam
381 2111 485 2174 arrsus,
502 2096 534 2153 in
549 2101 663 2154 secreta
676 2092 779 2154 Palatii
792 2101 876 2174 parte
890 2095 1019 2155 interfici
1032 2098 1120 2157 iussit

67 2253 70 2258 ¹
112 2200 280 2263 corpusque
298 2181 374 2242 clam
392 2180 510 2243 aulerri.
539 2189 568 2242 et
587 2199 765 2260 quamquam
778 2182 864 2242 multi
879 2200 895 2242 e
909 2182 995 2242 domo
1009 2186 1119 2263 princi-

112 2274 160 2352 pis
173 2272 348 2350 equitesque
362 2289 395 2331 ac
414 2277 565 2331 senatores
584 2277 766 2331 sustentasse
785 2269 903 2350 opibus,
921 2271 1032 2331 iuvisse
1051 2290 1118 2332 con-

113 2359 187 2421 siliis
201 2359 387 2440 dicerentur,
405 2358 484 2419 haud
499 2361 672 2438 quaesitum.

178 2445 231 2510 41.
254 2447 327 2508 Fine
350 2449 420 2509 anni
438 2465 526 2509 arcus
543 2454 666 2527 propter
684 2446 786 2506 aedem
805 2445 924 2506 Saturni
943 2445 981 2506 ob
999 2455 1118 2524 recepta

114 2541 197 2618 signa
212 2555 279 2598 cum
293 2535 368 2598 Varo
382 2538 488 2597 amissa
502 2536 595 2596 ductu
610 2535 784 2614 Germanici,
799 2535 939 2613 auspiciis
952 2533 1074 2614 liberii,
1089 2542 1119 2595 et

44 2683 47 2686 ,
114 2627 201 2688 aedes
216 2625 314 2686 Fortis
326 2619 478 2686 Fortunae
498 2623 629 2685 Tiberim
647 2625 728 2685 iuxta
745 2625 776 2683 in
794 2622 902 2704 hortis,
920 2640 994 2702 quos
1013 2621 1119 2682 Caesar

114 2715 240 2775 dictator
262 2714 372 2792 populo
397 2713 527 2773 Romano
554 2713 713 2792 legaverat,
738 2714 900 2773 sacrarium
925 2713 1006 2791 genti
1030 2709 1119 2772 iuliae

86 2819 100 2860 e
114 2803 286 2881 effigiesque
300 2802 367 2862 divo
381 2803 514 2880 dragusto
528 2801 606 2879 apud
620 2800 746 2861 bavides
759 2801 904 2862 dicantur.

181 2890 211 2950 C.
235 2889 332 2951 Caelio
356 2890 387 2950 L.
411 2890 572 2969 Pomponio
600 2887 772 2950 consulibus
799 2888 993 2950 Germanicus
1015 2885 1122 2949 Caesar

114 2998 139 3042 a.
154 2980 181 3041 d.
195 2977 255 3038 Vll.
270 2977 331 3039 llal.
346 2977 446 3040 lunias
464 2977 657 3057 triumpharit
676 2976 713 3037 de
728 2977 886 3038 Cheruscis
901 2976 1073 3056 Chattisque
1092 2983 1123 3036 et

115 3067 295 3147 Angrivariis
319 3085 453 3146 quaeque
477 3067 549 3126 aliae
572 3067 707 3126 nationes
730 3083 825 3144 usque
844 3065 879 3126 ad
898 3064 994 3126 Albim
1013 3063 1122 3126 colrmt.

115 3163 199 3217 recta
213 3154 318 3235 spolia,
333 3157 452 3234 captivi,
467 3154 623 3214 simulacra
637 3155 795 3235 montium,
809 3153 978 3234 fluminum,
996 3151 1122 3232 proelio·

74 3259 102 3300 ro
115 3262 196 3325 rum3
210 3242 392 3323 bellumque,
406 3244 475 3322 quia
489 3243 635 3303 conficere
650 3242 818 3321 prohibitus
834 3249 905 3322 erat,
919 3258 973 3320 pro
988 3240 1123 3303 coniecto

187 3377 233 3445 lo,
253 3383 269 3432 5
289 3394 369 3432 suum
387 3378 437 3464 del.
458 3378 586 3462 Muretus
611 3379 615 3447 Ι
638 3382 654 3431 9
673 3375 776 3444 diligit,
795 3377 859 3443 fort.
883 3391 917 3432 em
934 3374 994 3456 dile
1009 3374 1037 3459 :b
1060 3377 1124 3500 ΨΒ

116 3464 239 3518 quonam
256 3448 341 3504 modo
365 3449 492 3519 Wolftlru
508 3448 622 3514 (Phelol.
642 3450 685 3512 30,
705 3451 766 3515 744)
787 3448 792 3516 1
813 3446 860 3514 et,
879 3452 895 3502 6
914 3442 996 3500 Ceeor
1019 3461 1036 3502 o
1114 3472 1126 3489 ·

115 3521 234 3586 huniae,
253 3521 287 3588 cf.
307 3519 395 3590 Nipp.
415 3521 505 3577 adut.
523 3520 559 3589 li
579 3535 604 3574 a.
623 3517 650 3575 d.
669 3517 795 3588 Iapetus:
814 3517 850 3573 sd
