2408 3870
135 151 177 215 98
485 147 654 204 CORNELII
672 147 791 203 ΤΑΟΙΤΙ

134 300 284 377 creatique
303 297 464 358 decemviri
481 304 512 358 et
529 298 633 358 accitis
651 314 727 376 quae
738 313 871 400 usquam
889 298 1008 376 egregia
1027 315 1154 378 compo·

133 389 206 449 sitae
225 386 381 448 duodecim
400 385 530 466 tabulae,
549 386 618 446 finis
636 387 743 483 aeqpi
737 387 820 446 iuris.
848 402 916 446 uam
931 393 1052 447 secutae
1068 387 1154 467 leges

107 492 119 532 5
133 477 191 537 etsi
204 475 384 555 aliquando
376 493 407 535 ιιι
420 474 570 536 maleficos
584 492 620 535 ex
635 467 756 554 ddlicto,
777 475 895 552 saepius
912 483 1012 535 tamen
1032 475 1153 538 dissen-

133 567 216 626 sione
231 564 369 625 ordinum
383 572 413 624 et
427 563 579 642 apiscendi
592 562 722 623 inlicitos
735 563 864 623 honores
878 570 929 624 aut
943 562 1077 640 pellendi
1093 565 1153 626 cla·

133 672 183 714 ros
201 656 281 713 viros
300 652 414 730 aliaque
434 651 472 712 ob
490 657 580 730 prava
597 653 724 731 pervim
739 650 813 712 latae
828 658 907 712 sunt
933 651 1004 712 binc
1019 651 1153 714 Gracchi

133 750 164 803 et
185 742 339 802 Saturnini
359 738 528 800 turbatores
551 739 660 820 plebis,
686 758 742 801 uec
764 741 862 800 minor
882 720 1006 818 largitor
1025 744 1152 803 nomine

133 837 254 891 senatus
272 828 400 909 Drusus,
424 830 558 907 corrupti
577 846 629 907 spe
648 835 699 888 aut
717 827 808 888 inlusi
826 845 881 906 per
899 830 1152 891 intercessionem

93 935 119 975 ιο
134 920 215 979 socii.
242 935 277 978 ac
295 934 332 977 ne
350 914 429 977 bello
448 917 568 996 quidem
586 915 700 996 Italico,
719 933 789 977 mox
802 915 881 977 cirili
895 918 1053 998 omissum,
1075 921 1151 998 quin

132 1005 225 1067 multa
244 1012 274 1066 et
292 1005 408 1066 diversa
427 1007 641 1085 sciscerentur,
663 1004 757 1065 donec
771 1004 803 1066 L.
819 1003 899 1066 Sulla
913 1004 1042 1066 dictator
1057 1007 1152 1068 aboli-

133 1097 171 1156 tis
185 1093 232 1154 rel
245 1095 397 1155 conversis
411 1093 575 1173 prioribus,
594 1111 662 1153 cum
676 1092 762 1172 plura
776 1092 951 1173 addidisset,
970 1096 1068 1156 otium
1083 1098 1151 1158 eius

132 1181 269 1244 reihand
283 1183 315 1242 in
328 1181 449 1261 longum
462 1184 589 1262 pararit,
608 1184 707 1242 statim
725 1181 854 1242 turbidis
868 1181 973 1260 Lepidi
986 1186 1151 1261 rogationi-

133 1272 199 1352 bus,
212 1288 310 1350 neque
324 1270 417 1331 multo
431 1277 499 1350 post
513 1269 642 1331 tribunis
651 1269 767 1331 reddita
777 1270 895 1331 licentia
905 1288 1025 1349 quoquc
1036 1272 1152 1334 vellent

93 1375 119 1417 1⁵
133 1359 276 1440 populum
289 1359 427 1439 agitandi.
450 1361 567 1438 iamque
581 1377 642 1421 non
655 1359 742 1420 modo
756 1361 966 1439 incommune,
981 1358 1033 1419 sed
1045 1362 1079 1422 in
1090 1358 1151 1422 sin·

133 1449 218 1529 gulos
235 1447 372 1509 homines
385 1448 460 1509 latae
475 1450 676 1528 quaestiones,
695 1454 726 1508 et
739 1448 964 1526 corruptissima
978 1464 1012 1508 re
1026 1449 1152 1527 publica

132 1538 278 1617 plurimae
293 1537 383 1617 leges.

199 1623 251 1688 28.
270 1624 346 1685 'lum
357 1625 408 1685 Cn.
419 1625 586 1704 Pompeius,
600 1626 723 1685 tertium
738 1623 843 1685 consul
857 1624 1043 1702 corrigendis
1059 1630 1151 1688 mori·

132 1714 189 1777 bus
199 1713 341 1794 delectus,
351 1719 397 1773 set
406 1712 682 1792 graviorremcdiis,
691 1730 779 1798 quam
789 1711 895 1773 delicta
906 1719 999 1793 erant,
1009 1731 1151 1777 suarum-

133 1821 191 1882 que
211 1803 310 1881 legum
330 1807 435 1862 auctor
457 1799 536 1862 idem
556 1818 591 1860 ac
605 1799 776 1881 subversor,
799 1819 874 1880 quac
888 1803 978 1861 armis
993 1802 1149 1885 tuebatur,

133 1892 224 1951 armis
238 1890 344 1950 amisit
372 1891 450 1948 exim
464 1890 604 1950 continua
618 1907 673 1968 per
687 1890 792 1967 viginti
805 1907 898 1950 annos
912 1889 1075 1973 discordia,
1088 1912 1151 1954 non

106 1994 211 2058 omos,
234 1995 293 2038 non
312 1979 372 2057 ius3
396 1976 556 2038 deterrima
573 1995 708 2057 quaeque
725 1979 838 2057 inpune
856 1997 890 2039 ac
908 1977 1001 2039 multa
1020 1977 1151 2043 honesta

134 2068 194 2126 exit
195 2068 223 2126 io
182 2065 334 2126 t.luere
367 2072 450 2125 sexto
472 2065 591 2127 demum
611 2066 766 2128 consulatu
785 2067 892 2128 Caesar
910 2067 1079 2150 Augustus,
1099 2089 1150 2151 po·

134 2156 243 2216 tentiae
263 2172 387 2215 securus
390 2173 494 2235 ,quae
513 2157 702 2216 triumviratu
720 2157 849 2217 iusserat
863 2155 990 2217 abolevit
1003 2156 1151 2239 deditque

133 2245 211 2322 iura,
230 2245 298 2322 quis
315 2261 387 2323 pace
406 2250 436 2304 et
455 2246 590 2323 principe
611 2252 773 2306 uteremur.
801 2223 915 2305 acriora
934 2262 971 2304 ex
989 2262 1025 2306 eo
1040 2249 1151 2352 vincla,

133 2332 220 2393 inditi
234 2332 373 2393 custodes
387 2339 418 2392 et
431 2331 495 2412 lege
510 2332 598 2412 Papia
612 2332 747 2413 Poppaea
760 2336 899 2413 praemiis
913 2333 1043 2416 inducti,
1059 2344 1109 2417 ut,
1125 2339 1151 2398 si

95 2437 120 2476 10
134 2439 150 2482 a
164 2420 327 2501 privilegiis
341 2429 498 2500 parentum
512 2429 689 2504 cessaretur,
702 2421 783 2483 velut
792 2440 900 2501 parens
910 2424 1043 2484 omnium
1053 2442 1151 2506 popu·

133 2510 180 2572 lus
200 2511 330 2572 vacantia
354 2517 477 2571 teneret.
520 2511 572 2572 sed
595 2510 684 2572 altius
706 2511 903 2591 penetrabant
925 2510 1097 2593 urbemque
1121 2523 1151 2576 et

133 2599 245 2661 ltaliam
264 2608 295 2662 et
313 2599 392 2680 quod
412 2617 537 2679 usquam
556 2601 665 2661 civium
684 2602 903 2681 corripuerant,
921 2600 1150 2684 multorumque

134 2691 226 2750 excisi
249 2696 351 2750 status.
389 2696 419 2750 et
441 2696 539 2750 terror
562 2690 700 2750 omnibus
722 2689 932 2769 intentabatur,
956 2690 988 2749 ni
1006 2688 1150 2753 'liberius

134 2777 290 2837 statuendo
314 2778 445 2839 remedio
460 2781 592 2858 quinque
611 2778 823 2859 consularium,
843 2780 974 2857 quinque
994 2796 1010 2838 e
1029 2791 1150 2857 praeto·

94 2880 121 2920 ιι
135 2868 200 2946 riis,
215 2873 245 2925 to
247 2865 339 2926 itdem
353 2884 369 2927 e
385 2874 484 2928 cetero
499 2874 603 2928 senatu
618 2874 697 2928 sorte
712 2867 859 2947 duxisset,
878 2866 955 2945 apud
971 2885 1048 2946 qnos
1064 2888 1150 2932 exso·

134 2953 189 3015 luti
211 2953 346 3033 plerique
365 2954 439 3034 legis
457 2973 551 3017 nexus
570 2955 719 3016 modicum
737 2958 769 3016 in
786 2973 928 3035 praesens
947 2954 1152 3021 levamentum

134 3043 226 3104 fuere.

196 3127 247 3192 29.
266 3129 323 3190 Per
342 3130 421 3191 idem
439 3139 556 3211 tempus
570 3130 718 3194 Neronem
737 3151 753 3193 e
772 3132 874 3194 liberis
889 3132 1073 3218 Germanici,
1094 3142 1153 3200 iam

134 3221 301 3300 ingressum
320 3221 482 3300 iuventam,
506 3220 721 3281 commendavit
738 3221 886 3303 patribus,
909 3229 1003 3301 utque
1022 3243 1153 3289 munere

208 3426 254 3493 27,
275 3433 307 3480 12
327 3426 353 3480 ci
371 3424 413 3479 rci
427 3425 579 3480 Rhenanus
595 3424 599 3494 l
615 3424 660 3506 28,
676 3428 755 3482 asel
774 3428 921 3500 Plopqcro·
941 3429 970 3482 et
985 3429 989 3499 Ι
1006 3435 1023 3484 8
1043 3433 1155 3490 artiora

138 3468 261 3550 Picbeob
277 3498 281 3564 Ι
298 3504 313 3552 9
332 3498 366 3549 ut
384 3496 408 3550 si
426 3495 555 3566 Lipsius:
573 3495 629 3548 uisi
