2392 3876
266 186 315 240 AB
334 185 495 242 EXOESSU
512 183 669 241 aeduum
687 185 745 240 XV.
766 191 877 242 16-20.
1015 184 1080 249 327

72 337 261 398 securitatem
275 333 408 395 annonae
422 341 612 396 sustentaret.
640 335 725 395 ouius
744 335 841 413 pretio
860 333 934 394 nihil
947 333 1080 394 additum

71 433 131 504 est,
153 425 286 503 quamvis
308 423 451 484 ducentas
474 423 566 483 lerme
589 440 679 482 nares
702 429 791 500 portu
809 423 840 482 in
859 425 924 499 ipso
943 422 1079 482 violentia

72 515 256 591 tempestatis
274 520 304 573 ct
323 519 443 572 centum
462 510 533 571 alias
547 510 650 570 Tiberi
668 510 824 572 subrectas
843 511 984 571 fortuitus
1003 513 1080 587 ignis

72 600 293 679 absumpsisset.
329 602 384 660 tris
403 600 472 661 dein
490 599 675 679 consulares,
694 598 726 660 t.
744 598 896 679 Pisonem,
916 599 1080 662 Ducenium

71 689 240 769 Geminum,
263 688 435 767 Pompeium
454 687 609 749 Paulinum
631 687 823 766 vectigalibus
846 686 973 766 publicis
997 702 1121 766 prae-10

71 780 184 858 posuit,
207 795 275 839 oum
298 779 491 838 insectatione
510 779 645 854 priorum
661 778 844 855 principum,
868 778 920 855 qui
939 778 1080 854 gravitate

58 874 245 944 „sumptuum
259 868 354 926 iustos
367 865 482 926 reditus
501 867 677 926 anteissent:
702 882 734 926 se
748 882 880 925 annuum
894 866 1082 925 sexcentiens

72 956 244 1014 sestertium
258 955 303 1012 rei
316 952 451 1031 publicae
466 952 574 1031 largiri

142 1039 191 1102 19.
210 1040 442 1101 Percrebruerat
459 1059 492 1101 ea
511 1049 686 1119 tempestate
704 1043 897 1120 pravissimus
916 1059 994 1122 mos,
1012 1059 1081 1102 cum

73 1131 250 1209 propinquis
259 1131 386 1190 comitiis
396 1137 447 1190 ant
456 1136 537 1190 sorte
546 1132 766 1208 provinciarum
775 1129 910 1210 plerique
925 1129 990 1191 orbi
1003 1129 1081 1191 lictis

73 1217 281 1297 adoptionibus
299 1216 499 1278 adsciscerent
521 1217 610 1298 lilios,
633 1226 847 1298 praeturasque
866 1226 896 1278 et
913 1219 1081 1297 provincias

74 1310 152 1367 inter
161 1315 261 1385 patres
271 1308 368 1367 sortiti
378 1308 477 1366 statim
487 1309 657 1366 emitterent
666 1324 764 1386 manu,
778 1324 854 1385 quos
863 1306 1081 1384 adoptaverant.

74 1412 177 1472 magna
192 1413 261 1455 eum
274 1395 383 1455 invidia
398 1401 533 1455 senatum
546 1394 664 1475 adeunt,
678 1397 726 1463 ius
736 1401 867 1474 naturae,
880 1393 997 1458 labores
1011 1394 1082 1455 edu·
1096 1411 1110 1450 s

74 1483 161 1543 candi
183 1483 326 1544 adversus
349 1483 481 1543 fraudem
505 1490 535 1544 et
558 1490 637 1543 artes
662 1489 693 1544 et
717 1481 892 1543 brevitatem
917 1482 1083 1560 adoptionis

74 1579 258 1631 enumerant.
281 1573 353 1632 satis
362 1573 452 1650 pretii
462 1588 528 1631 esse
538 1570 627 1652 orbis,
641 1571 719 1650 qnod
729 1569 822 1632 multa
837 1571 1006 1650 securitate,
1020 1569 1084 1631 ιιιιΙ·

75 1661 111 1720 lis
130 1659 271 1720 oneribus
289 1663 414 1738 gratiam
432 1659 560 1720 honores
579 1668 685 1721 cuncta
703 1667 839 1739 prompta
854 1666 884 1719 et
897 1658 982 1720 obvia
996 1658 1084 1719 hebe-

75 1755 151 1808 rent.
183 1748 242 1808 sibi
259 1750 404 1826 promissa
418 1749 516 1827 legum
530 1749 582 1809 diu
597 1756 765 1827 exspectata
779 1751 810 1808 in
824 1747 986 1811 ludibrium
1000 1750 1083 1829 verti,

75 1836 193 1915 quando
208 1839 275 1916 quis
289 1838 353 1898 sine
367 1837 565 1898 sollicitudine
578 1854 700 1916 parens,
718 1839 781 1897 siue
796 1836 878 1897 luctu
893 1835 985 1896 orbus
997 1836 1083 1915 longa
1100 1854 1125 1891 ιι

74 1933 193 2003 patrum
212 1932 278 1986 vota
296 1932 419 2004 repente
437 1925 625 2005 adaequaret
655 1925 766 1986 factum
780 1943 816 1984 ex
830 1943 866 1985 eo
880 1932 1001 1985 senatus
1016 1943 1085 1986 con·

74 2013 200 2093 snitum,
218 2032 258 2074 ne
271 2014 407 2074 simulata
420 2015 538 2092 adoptio
552 2016 584 2074 in
598 2014 657 2075 nlla
671 2022 754 2093 parte
768 2015 901 2073 muneris
916 2012 1028 2092 publici
1040 2015 1085 2075 iu-

75 2109 158 2163 varet
171 2119 205 2162 ac
220 2120 257 2162 ne
271 2103 451 2182 usurpandis
467 2103 586 2181 quidem
600 2102 815 2163 hereditatibus
828 2101 992 2181 prodesset.

142 2188 193 2251 20.
212 2190 298 2250 Exim
313 2190 452 2253 Claudius
466 2191 641 2252 Timarchus
655 2191 806 2256 Cretensis
825 2208 894 2251 reus
908 2192 1019 2270 agitur,
1038 2209 1085 2251 ce-

76 2281 149 2338 teris
164 2279 352 2360 criminibus,
366 2289 400 2341 ut
414 2279 510 2340 solent
523 2280 682 2359 praevalidi
693 2277 921 2359 'provincialium
936 2287 965 2339 et
979 2278 1085 2358 opibus

77 2367 177 2425 nimiis
191 2364 227 2425 ad
242 2369 365 2428 iniurias
379 2370 528 2429 minorum
539 2368 621 2429 elatiz
636 2386 694 2428 una
708 2387 763 2428 vox
777 2370 843 2428 eius
856 2384 952 2446 usque
966 2367 1002 2428 ad
1017 2385 1086 2428 con-

76 2452 228 2514 tumeliam
247 2463 367 2516 senatus
387 2462 607 2536 penetraverat,
630 2455 710 2534 quod
729 2455 895 2516 dictitasset
911 2457 943 2514 in
964 2473 1017 2515 sua
1035 2473 1086 2534 po-

77 2549 182 2601 testate
197 2544 296 2619 situm,
310 2561 347 2602 an
361 2542 598 2623 proconsulibus,
613 2545 665 2621 qni
674 2542 791 2602 Cretam
800 2543 1008 2622 obtinuissent,
1022 2560 1086 2620 gra·
1102 2557 1114 2596 5

77 2638 123 2689 tes
141 2639 308 2708 agerentur.
336 2649 425 2710 quam
443 2632 628 2691 occasionem
645 2630 754 2690 Paetus
772 2630 903 2689 Thrasea
921 2629 957 2689 ad
976 2630 1086 2690 bonum

77 2716 229 2796 publicum
243 2726 370 2800 vertcnS,
385 2725 541 2798 postquam
556 2719 592 2779 de
606 2736 658 2778 reo
673 2725 830 2779 censuerat
839 2719 990 2796 provincia
1000 2718 1087 2780 Creta

78 2805 297 2885 depellendum,
315 2806 388 2868 haec
406 2807 531 2868 addidit:
555 2802 629 2867 ‘usn
646 2805 804 2884 probatum
822 2814 881 2885 cst,
899 2813 1000 2885 patres
1018 2825 1087 2868 con-

78 2897 194 2975 scripti,
212 2894 293 2972 leges
311 2898 457 2976 egregias,
481 2895 614 2974 exempla
631 2894 755 2956 honesta
774 2895 851 2973 apud
870 2893 964 2956 bonos
983 2913 1019 2956 ex
1038 2896 1087 2956 de·

149 3100 193 3168 18,
213 3106 230 3155 6
249 3102 405 3155 ostentaret
418 3102 565 3172 Apricola;
583 3105 614 3155 at
631 3101 673 3155 ait
688 3100 814 3156 Tacitus:
827 3101 949 3170 populus
962 3116 992 3154 co
1004 3116 1088 3169 usque

76 3172 109 3226 de
127 3188 241 3226 eunom
258 3187 369 3227 securus
382 3173 494 3255 sueram
511 3188 571 3226 eum
582 3172 753 3226 emeritatem
766 3172 914 3256 imperator
926 3172 1088 3225 amentavit

76 3245 213 3308 frumento
231 3243 388 3309 corrupto
375 3260 408 3297 ru
429 3243 547 3297 Tiberim
565 3243 645 3310 iacto,
668 3244 750 3312 quasi
770 3243 873 3323 intepet·
889 3255 991 3322 respuo
1009 3242 1087 3309 coptu

76 3319 228 3382 suppeteret
243 3315 248 3382 Ι
264 3318 280 3366 8
299 3312 393 3381 tyberi
408 3317 412 3378 Ι
429 3319 445 3367 9
464 3311 663 3396 assumpsisset
678 3316 683 3381 Ι
700 3313 744 3378 la,
760 3309 986 3381 lprauissilmos
1002 3311 1085 3381 euml

77 3388 173 3450 epost
190 3383 394 3452 adoptaverant
412 3383 671 3464 Nipperdeper‘u
651 3384 833 3438 auulacuuue
851 3383 959 3452 meust,
981 3383 1088 3450 supplet

77 3452 187 3576 Drtpper
205 3457 235 3576 pit
252 3456 347 3524 petros
364 3457 368 3522 l
385 3460 401 3508 b
420 3453 526 3508 adeum
550 3470 595 3508 ans
641 3454 776 3508 humour:
800 3399 970 3507 adeuntibus
986 3453 1051 3522 120
1071 3459 1088 3506 3

77 3539 131 3576 con
145 3540 207 3577 nme
232 3542 249 3577 e
