2392 3876
282 181 330 236 AB
349 175 510 238 Excussit
526 179 683 236 AUGUSTI
700 181 746 237 IV.
764 187 877 237 40—43.
1019 182 1083 248 145

140 329 192 392 41.
211 329 342 391 Rursum
357 330 490 409 Seianus,
509 347 569 391 non
587 331 645 391 iam
663 328 699 390 de
714 331 910 409 matrimonio,
929 328 981 390 sed
996 330 1083 392 altius

73 430 218 499 metuens,
233 421 321 480 tacita
335 421 552 498 suspicionum,
565 417 646 497 vulgi
659 435 824 497 rumorem,
837 420 1025 496 ingruentem
1038 421 1081 480 in·

73 509 181 569 vidium
196 508 381 586 deprecatur.
409 525 443 568 ac
457 525 494 567 ne
509 506 648 568 adsiduos
662 509 693 566 in
707 507 827 567 domum
842 513 946 566 coetus
955 507 1083 566 arcendo

73 599 250 675 infringeret
259 597 421 676 potentiam
431 603 482 656 aut
491 596 670 674 receptando
680 594 848 656 facultatem
859 594 1084 655 criminantibus

73 685 242 766 praeberet,
265 684 324 746 buc
346 684 442 766 flexit,
465 691 499 745 ut
517 684 670 767 Tiberium
693 684 730 745 ad
752 685 842 743 vitam
863 682 969 762 procul
992 681 1111 742 llomaa

73 776 204 837 amoenis
216 773 290 834 locis
300 773 462 851 degendam
475 773 649 852 impelleret.
676 772 768 833 multa
779 774 887 852 quippe
897 770 1085 849 providebat:

73 881 127 923 sua
141 865 172 923 in
186 879 276 922 manu
291 861 388 922 aditus
402 860 628 941 litterarumque
643 879 747 939 magna
757 869 887 939 exparte
897 878 929 920 se
939 859 1085 920 arbitrum

73 952 147 1030 fore,
166 967 235 1009 cum
253 967 307 1026 per
325 948 434 1009 milites
452 956 665 1030 commearent3
682 967 751 1010 mox
770 948 925 1009 Caesarem
943 956 1084 1026 vergente

74 1042 133 1098 iam
152 1044 271 1097 senecta
290 1043 465 1116 secretoque
483 1037 541 1098 loci
559 1038 705 1099 mollitum
723 1040 823 1099 munia
836 1039 956 1116 imperii
969 1036 1084 1098 facilius

74 1128 334 1186 tramissurumtet
342 1127 437 1186 minui
444 1126 502 1187 sibi
511 1126 651 1187 invidiam
658 1126 794 1204 adempta
802 1125 981 1186 salutantum
988 1124 1084 1207 turba,
1099 1142 1125 1181 1o

74 1214 257 1293 sublatisque
272 1213 409 1275 inanibus
423 1232 524 1275 veram
533 1217 696 1294 potentiam
705 1217 815 1293 augeri.
843 1216 935 1292 igitur
943 1213 1085 1293 paulatim

73 1306 192 1380 negotia
206 1302 298 1381 urbis,
313 1303 416 1380 populi
430 1303 582 1381 adcursus,
600 1302 820 1363 multitudinem
834 1302 1027 1364 adfluentium
1040 1305 1084 1363 in·

75 1399 185 1470 crepat,
199 1390 342 1449 extollens
356 1389 494 1450 laudibus
508 1392 638 1469 quietem
652 1398 682 1450 et
692 1390 889 1470 solitudinem,
904 1392 971 1469 quis
981 1389 1084 1451 abesse

75 1477 172 1538 taedia
186 1484 216 1538 et
230 1477 407 1537 offensiones
421 1495 455 1537 ac
469 1480 628 1557 praecipua
642 1496 743 1538 rerum
756 1482 882 1539 maxime
897 1481 1008 1558 agitari.

142 1563 194 1626 42.
220 1566 262 1624 Ac
280 1565 356 1624 forte
380 1565 479 1625 habita
502 1584 556 1644 per
574 1565 640 1626 illos
659 1566 722 1626 dies
741 1567 777 1627 de
796 1565 918 1646 Yotieno
937 1566 1085 1646 Montano,

75 1652 202 1716 celebris
216 1654 330 1730 ingenii
342 1655 415 1733 viro,
434 1656 564 1732 cognitio
579 1662 767 1715 cunctantem
780 1657 840 1715 iam
853 1654 1006 1716 Tiberium
1019 1673 1085 1734 per-

74 1743 159 1823 pulit,
174 1748 207 1803 ut
221 1741 355 1801 vitandos
369 1741 505 1803 crederet
518 1750 637 1821 patrum
646 1750 749 1804 coctus
764 1761 918 1824 vocesque,
935 1761 1010 1823 quae
1025 1743 1085 1822 ple·

74 1849 202 1911 rumque
221 1847 308 1890 verae
323 1838 353 1890 et
371 1848 475 1909 graves
490 1849 589 1892 coram
603 1830 822 1910 ingerebantur.
851 1849 919 1892 nam
937 1832 1084 1910 postulato

73 1920 197 1980 Votieno
217 1917 255 1978 ob
274 1919 467 1979 contumelias
485 1922 515 1980 in
535 1919 690 1980 Caesarem
713 1920 820 2002 dictas,
844 1922 929 1980 testis
943 1920 1111 1981 Aemiliuss

74 2027 91 2069 e
104 2006 283 2068 militaribus
293 2009 365 2067 viris
375 2007 446 2068 dum
456 2008 553 2069 studio
563 2007 709 2086 probandi
718 2016 825 2070 cuncta
834 2009 927 2070 relect
941 2015 971 2069 et
986 2027 1085 2088 quam-

75 2115 164 2176 quam
177 2099 256 2157 inter
270 2095 477 2175 obstrepentes
490 2115 595 2176 magna
610 2097 831 2158 adseveratione
846 2099 960 2178 nititur,
975 2098 1086 2158 audivit

74 2185 212 2245 'liberius
226 2183 344 2266 probra,
358 2187 425 2264 quis
438 2202 493 2264 per
507 2186 656 2248 occultum
670 2185 863 2267 lacerabatur,
877 2185 1009 2265 adeoque
1019 2204 1085 2264 per·

74 2273 176 2335 oulsus
191 2279 244 2353 est,
263 2282 297 2335 ut
310 2291 342 2333 se
357 2273 403 2333 vel
417 2276 516 2335 statim
530 2273 577 2335 vel
590 2276 621 2335 in
636 2277 804 2353 cognitione
818 2278 1014 2353 purgaturum
1028 2274 1085 2334 cla·

74 2363 194 2422 mitaret
212 2361 411 2441 precibusque
429 2364 645 2444 proximorum,
666 2362 832 2423 adulatione
852 2365 984 2423 omnium
998 2380 1085 2440 aegre
1100 2378 1126 2417 ιο

75 2457 267 2527 componeret
284 2451 423 2511 animum.
459 2457 490 2510 et
503 2450 645 2512 Votienus
664 2451 783 2530 quidem
801 2453 962 2512 maiestatis
981 2453 1085 2528 poenis

75 2539 209 2600 adlectus
228 2545 285 2597 est:
309 2536 417 2598 Caesar
439 2537 585 2598 obiectam
604 2537 661 2599 sibi
678 2539 820 2600 adversus
838 2557 906 2598 reos
926 2538 1085 2598 inclemen-

75 2630 147 2688 tiam
170 2643 205 2685 eo
225 2625 409 2702 pervicacius
432 2624 596 2705 ampiexus,
623 2625 769 2706 Aquiliam
800 2626 938 2688 adulterii
960 2625 1084 2686 delatam

76 2730 146 2775 cum
159 2711 247 2771 Vario
260 2710 379 2792 Ligure,
394 2729 571 2792 quamquam
581 2712 724 2776 Lentulus
734 2713 904 2779 Gaetulicus
918 2713 1022 2775 consul
1036 2714 1085 2775 de·

76 2802 210 2878 signatus
224 2798 288 2877 lege
302 2798 374 2860 lulia
389 2799 565 2881 damnasset,
584 2801 670 2863 exilio
684 2805 800 2882 punivit
814 2803 1010 2883 Apidiumque
1025 2803 1083 2864 Me·
1099 2815 1125 2856 1⁵

74 2888 180 2968 rnlam,
200 2887 279 2967 quod
299 2889 330 2948 in
345 2895 408 2950 acta
423 2888 483 2950 divi
496 2889 621 2969 Augusti
635 2909 693 2951 non
708 2894 869 2974 iuraverat,
889 2891 955 2954 albo
970 2900 1084 2954 senato·

74 2981 120 3041 rio
135 2980 234 3038 erasit.

140 3063 193 3127 43.
216 3066 340 3128 Auditae
363 3066 481 3128 dehinc·
493 3067 795 3130 Lacedaemoniorum
818 3077 848 3132 et
869 3069 1084 3131 Messeniorum

74 3155 235 3233 legationes
249 3155 286 3216 de
300 3158 365 3216 iure
379 3155 483 3235 templi
491 3155 600 3218 Dianae
609 3156 792 3238 Limnatidis,
808 3159 886 3237 qnod
897 3161 959 3219 suis
969 3176 985 3217 a
994 3159 1083 3218 maio·

74 3243 159 3306 ribus
173 3261 285 3322 suaque
304 3245 429 3305 interra
444 3245 574 3308 dicatum
588 3244 813 3307 Lacedaemonii
826 3245 983 3308 firmabant
997 3263 1084 3306 anna-

144 3376 224 3446 41‚1
253 3377 311 3432 iam
338 3379 478 3434 Muretus:
505 3381 565 3432 tam
589 3382 594 3449 1
621 3386 653 3435 11
680 3397 775 3435 veram
801 3379 958 3450 potentiam
986 3378 1085 3448 augeri

74 3449 238 3504 Maecilius:
252 3448 566 3518 uerapotentiaaugare
577 3452 653 3517 (vera
661 3452 791 3521 potentia
800 3449 898 3520 augeri
907 3450 1083 3523 Rhenanua)l

74 3517 120 3586 43,
139 3525 155 3574 2
173 3517 342 3573 Limnatidis
360 3519 487 3590 Lipsius:
506 3518 673 3575 liminatidis

127 3616 232 3658 'raom
246 3616 321 3660 enas
335 3620 354 3659 1.
835 3614 868 3664 10
