2392 3876
267 183 316 238 nn
334 182 496 240 Excussit
513 182 669 239 AUGUSTI
686 183 732 238 lv.
751 188 864 238 ta-oo.
1005 181 1066 246 147

60 338 92 395 in
106 335 255 395 civitatem
268 331 491 413 Massiliensem,
504 331 558 392 ubi
571 333 672 410 specie
686 332 851 393 studiorum
865 349 974 392 nomen
988 329 1070 390 exilii

60 430 221 501 tegeretur.
252 420 371 481 habitus
389 429 489 481 tamen
508 423 658 498 supremis
675 419 784 503 honor,
807 437 932 499 ossaque
955 418 1068 479 tumulo
1083 433 1108 474 15

61 511 250 572 Octaviorum
263 508 359 570 inlata
366 526 420 587 per
435 508 596 569 decretum
602 516 731 570 senatus.

126 595 178 661 45.
201 597 299 659 lsdem
319 595 491 659 oonsulibus
505 596 915 665 facinusfatrorintciteriore
928 595 1070 674 Hispania

60 689 221 749 admissum
240 705 257 747 a
275 686 410 766 quodam:
420 686 530 764 agresti
538 687 679 747 nationis
694 685 905 748 Termestinae.
941 687 968 744 is
986 702 1069 762 prae-

60 787 156 838 torem
169 774 384 855 provinciaob.
398 773 549 854 Pisonemq
567 791 640 853 paco
653 775 853 853 incuriosum,
869 774 1069 852 exinproviso

60 869 91 925 in
105 867 212 926 itinere
227 864 348 935 adortus
358 862 566 924 omo-minore
585 862 1073 943 iu.mnrtem:adfecit;'ao-perni-

61 955 149 1013 citate
178 954 248 1030 equi
275 951 444 1030 profugus,
461 958 625 1030 postquam
644 951 800 1013 saltuosos
816 950 897 1013 locos
924 952 1096 1029 attigerat,s

62 1041 184 1101 dimisso
208 1057 292 1118 equo
307 1057 361 1118 per
384 1038 1070 1119 deruptaetsavia:sequentislrustratus.·est.

61 1147 158 1208 neque
177 1128 233 1189 diu
248 1127 363 1188 solebit:
382 1145 450 1188 nam
463 1127 967 1207 prenso-ductoquasperprorirnos
979 1143 1070 1206 pagos

62 1235 147 1297 equo,
161 1218 246 1277 corius
261 1217 512 1295 loreteognitum.
539 1223 570 1276 et
582 1218 972 1295 repertuszeuurtormentls
981 1215 1070 1276 edere

62 1307 197 1366 conscios
215 1306 397 1384 adigeretur,
417 1323 489 1364 voce
507 1307 888 1381 magnarsormonopatrio·
904 1305 1015 1366 trustra
1039 1321 1071 1363 se

62 1395 240 1470 interrogari
253 1392 427 1453 clamitavit:
440 1392 946 1472 adsisterentsociiacspcotarent3
960 1391 1073 1452 nullam
1086 1410 1111 1448 1o

63 1483 122 1539 vim
137 1488 251 1541 tantam
260 1479 372 1540 doloris
386 1479 463 1561 lore,
480 1487 515 1541 ut
528 1470 682 1540 veritatem
694 1479 830 1541 eiceret
852 1479 990 1557 idemque
1004 1497 1073 1540 cum

62 1577 183 1647 postero
201 1568 459 1647 adquaestionem
482 1567 697 1648 retraheretur,
722 1586 767 1628 eot
780 1569 848 1629 uisu
870 1568 1019 1645 proripuit
1041 1584 1073 1626 se

63 1655 393 1734 custodibussaxoque
410 1664 498 1734 caput
520 1655 646 1737 addixit,
669 1657 825 1717 utstatim
847 1657 1072 1716 exanimaretur.

63 1745 116 1806 sed
134 1745 204 1805 Piso
218 1743 473 1806 Termestinorum
491 1744 558 1806 dolo
577 1763 685 1806 cacsrrs.
698 1744 837 1824 habatur3
857 1746 966 1823 quippe
985 1761 1072 1822 pecu·

63 1837 127 1895 nias
146 1852 162 1894 e
180 1832 299 1911 publico
318 1836 497 1912 interceptas
516 1835 615 1894 acrius
629 1851 717 1913 quoru
730 1841 766 1894 ut
779 1832 940 1894 tolerarent
954 1830 1073 1893 barbari
1088 1849 1112 1889 rs

63 1922 195 2001 cogebat.

128 2008 179 2072 46.
212 2009 337 2071 Lentulo
366 2009 517 2071 Gaetulico
545 2010 576 2072 C.
599 2010 723 2071 Calvisio
752 2009 924 2071 consulibus
954 2010 1073 2072 decreta

62 2099 207 2178 triumphi
224 2100 352 2177 insignia
365 2098 501 2177 Poppaeo
517 2098 625 2159 Sabino
644 2101 776 2161 contusis
795 2098 960 2160 Thraecum
979 2100 1072 2177 genti·

62 2189 132 2268 bus,
152 2189 203 2266 qui
219 2189 365 2248 montium
384 2187 472 2248 editis
491 2190 558 2249 siue
574 2187 657 2248 cultu
674 2196 762 2266 atque
782 2205 816 2248 eo
835 2187 964 2249 ferocius
983 2189 1071 2265 agita·

62 2276 142 2336 bant.
175 2293 265 2337 causa
280 2283 378 2336 motus
398 2293 488 2355 super
506 2276 843 2355 bominumingenium,
862 2275 940 2354 quod
955 2277 1016 2353 pati
1030 2275 1073 2335 di·

63 2365 158 2425 lectus
178 2372 209 2425 et
226 2364 438 2426 validissimum
458 2382 606 2443 quemque
619 2363 873 2424 militiaenostrae
888 2364 959 2425 dare
974 2378 1099 2442 asper-5

63 2453 223 2531 dabantur,
245 2471 283 2514 ne
302 2451 423 2531 regibus
442 2452 562 2531 quidem
580 2469 688 2529 parere
703 2454 762 2513 nisi
785 2470 827 2511 ex:
844 2450 965 2511 libidine
985 2450 1073 2527 soliti,

10 2597 12 2603 .
65 2550 115 2602 aut
129 2544 155 2601 si
168 2539 452 2619 mitterent-auxilia,
470 2557 540 2599 suos
549 2539 693 2600 :ductores
706 2540 938 2619 praedecesso
952 2540 1011 2598 nisi
1025 2539 1073 2597 ad·

64 2647 184 2689 versum
202 2627 316 2688 accolas
335 2627 517 2705 belligerare.
560 2645 593 2687 ac
616 2634 804 2688 tumrumor
829 2629 992 2687 incesserat
1010 2626 1073 2687 lore

64 2725 99 2776 ut
113 2716 230 2776 disiecti
243 2715 367 2794 aliisque
380 2713 549 2776 nationibus
562 2716 703 2794 permixti
716 2716 1001 2776 diversasinterras
1015 2723 1073 2776 tra·

65 2804 218 2865 herentur.
246 2803 297 2863 sed
312 2810 469 2882 antequam
482 2821 567 2864 arma
576 2805 756 2883 inciperent,
765 2805 874 2864 misere
881 2802 993 2882 legatos
1003 2806 1072 2864 ami·
1088 2821 1114 2859 ro

65 2891 166 2954 citiam
180 2891 415 2972 obsequiumque
428 2900 652 2972 memorattuos,
668 2899 697 2953 et
706 2909 844 2953 mansura
858 2892 939 2973 haee,
953 2895 979 2954 si
993 2893 1073 2954 nullo

64 3000 142 3042 novo
156 2998 247 3042 onere
262 2989 490 3061 temptorentur:
508 2983 555 3042 sin
569 2989 603 3042 ut
616 2983 702 3042 victis
716 2981 871 3043 servitium
883 2983 1073 3061 indiceretur,

65 3089 131 3131 esse
146 3068 204 3132 sibi
217 3069 331 3131 ferrum
343 3077 374 3132 et
388 3072 573 3132 iuventutem
586 3079 615 3130 et
629 3077 800 3149 promptum
818 3069 950 3133 libertati
968 3079 1018 3131 urit
1038 3070 1074 3128 ad

64 3168 191 3220 mortem
209 3161 349 3221 animum.
386 3160 472 3220 simul
491 3158 613 3220 castella
628 3158 752 3238 rupibus
771 3159 863 3220 indita
883 3157 1073 3235 conlatosque

135 3311 181 3377 45,
202 3317 234 3365 12
254 3311 470 3379 quaesitionem,
493 3329 541 3366 em.
560 3311 651 3366 Ritter
667 3315 671 3378 Ι
689 3317 721 3365 14
741 3309 845 3380 quippe
863 3309 1072 3378 Bezaeubcrper:

65 3380 114 3449 qui
133 3381 211 3465 (quia
227 3383 357 3463 Piclreuo)
375 3386 380 3452 Ι
396 3383 441 3465 iti,
456 3390 472 3436 3
491 3398 563 3461 quae
580 3383 611 3435 in
628 3382 766 3462 montipm
779 3381 975 3460 Bezzenberqer
991 3380 995 3448 Ι
1012 3379 1072 3460 sine

64 3451 144 3577 ἓξὲξ
161 3453 252 3580 mr
270 3451 702 3594 ffiffltepdpzncarbltzlgequptiffua,
724 3450 859 3504 moultrus
879 3449 1006 3521 Georqec,
1030 3467 1072 3503 m-

809 3609 861 3663 10*
