2408 3870
128 161 195 227 888
480 156 788 215 coeanensium

164 384 167 390 ,
196 307 226 372 9.
248 309 328 371 Haec
350 325 498 371 consensu
521 308 698 388 produntur.
735 309 923 387 aspexeritne
947 314 1078 369 matrem
1099 327 1152 370 ex·

129 400 257 460 animem
275 396 353 458 Naro
372 405 402 458 et
420 398 544 458 sormam
563 398 698 476 corporis
718 398 782 457 eius
800 395 980 477 laudaverit,
1000 404 1075 458 sunt
1096 401 1151 478 qui

128 486 314 567 tradiderint,
328 493 398 548 suut
412 488 464 564 qui
478 485 616 546 abnuant.
644 492 773 545 cremata
789 493 834 546 est
848 492 935 545 nocte
954 484 1059 546 eadem
1076 504 1149 548 con-

129 577 215 637 vivali
228 576 305 638 lecto
319 584 350 637 et
364 576 512 654 exsequiis
526 572 647 654 vilibus;
666 591 778 654 neque,
795 573 867 634 dum
880 571 959 633 Nero
973 591 1080 635 rerum
1096 594 1148 655 po·

103 664 267 745 silebatur,
283 671 422 742 congesta
432 670 483 723 aut
493 660 591 722 clausa
604 661 723 722 humus.
750 680 818 723 mox
828 661 1062 723 domesticorum
1073 682 1147 725 cura

130 752 225 815 levem
238 751 387 815 tumulum
400 752 527 830 accepit,
549 752 626 811 viam
639 749 745 811 Miseni
762 757 886 831 propter
905 758 935 812 et
955 749 1054 811 villam
1075 751 1147 814 Cae·

130 845 205 903 saris
224 842 390 920 dictatoris,
416 857 491 919 quae
511 837 661 901 subiectos
680 841 763 900 sinus
782 840 944 901 editissima
962 849 1146 920 prospectat.

130 948 255 991 accenso
270 947 341 1007 rogo
363 928 489 989 libertus
504 930 568 989 eius
582 935 777 1006 cognomento
791 927 923 989 Mnester
935 947 968 989 se
981 930 1047 1007 ipse
1063 931 1146 991 ferro

130 1019 283 1097 transegit,
297 1019 445 1078 incertum
459 1017 581 1077 caritate
596 1018 627 1076 in
641 1023 794 1096 patronam
805 1035 843 1077 an
852 1025 933 1078 metu
943 1018 1034 1078 exitii.
1063 1019 1146 1080 bunc

91 1123 118 1164 ro
131 1109 178 1167 sui
192 1107 281 1166 finem
294 1105 403 1166 multos
417 1113 485 1166 ante
500 1123 592 1166 anuos
606 1104 774 1167 crediderat
782 1106 943 1185 Agrippina
958 1114 1146 1187 contempse-

130 1203 244 1274 ratque.
273 1211 341 1254 nam
355 1186 521 1257 consulenti
536 1212 627 1274 super
640 1193 757 1256 Nerone
771 1195 991 1275 responderunt
1005 1193 1147 1258 Chaldaei
1192 1241 1194 1247 .

130 1284 194 1344 fora
214 1292 248 1345 ut
265 1285 425 1362 imperaret
441 1291 627 1363 matremque
646 1281 808 1364 occideret3
832 1291 920 1363 atque
938 1282 988 1344 illa
1002 1278 1146 1347 ‘occidat'

130 1374 236 1453 iuquit,
251 1367 334 1433 ‘dum
347 1368 495 1451 imperet?

200 1459 249 1523 10.
273 1460 331 1521 Sed
350 1479 366 1521 a
385 1461 509 1522 Caesare
535 1460 668 1539 perfecto
692 1460 811 1521 demum
834 1461 947 1521 scelere
970 1463 1146 1541 magnitudo

131 1553 196 1611 eius
210 1548 359 1610 intellecta
374 1557 428 1611 est.
455 1548 571 1627 reliquo
585 1550 682 1610 noctis
692 1547 779 1610 modo
794 1567 848 1628 per
858 1549 1008 1610 silentium
1019 1550 1147 1633 defixus,

131 1641 249 1718 saepius
271 1656 380 1717 pavore
404 1655 568 1717 exsurgens
591 1645 622 1698 et
644 1639 752 1699 mentis
775 1640 861 1716 inops
884 1637 982 1699 lucem
1007 1643 1147 1719 opperie-

130 1727 218 1788 batur
232 1734 381 1805 tamquam
395 1727 518 1786 exitium
532 1726 702 1787 adlaturam.
731 1733 820 1806 atque
834 1745 903 1787 eum
915 1734 1036 1788 auctore
1046 1727 1147 1792 Burro

103 1832 116 1872 a
130 1818 225 1894 prima
239 1817 447 1876 centurionum
462 1814 710 1894 tribunorumque
724 1814 852 1877 adulatio
867 1815 903 1875 ad
913 1833 996 1895 spem
1007 1817 1148 1900 firmavit,

130 1906 335 1983 prensantium
352 1921 471 1964 manum
491 1904 742 1984 gratantiumque,
766 1905 844 1983 quod
864 1904 1025 1965 discrimen
1044 1908 1148 1987 inpro-

131 1995 227 2053 visum
241 1999 271 2051 et
280 1995 389 2052 matris
403 1991 518 2052 lacinus
532 1995 682 2052 evasisset.
710 1995 798 2053 amici
811 1992 918 2053 debinc
933 1992 1015 2053 adire
1025 1995 1148 2075 templa,

131 2088 161 2140 et
181 2087 285 2158 coepto
305 2078 439 2158 exemplo
453 2081 587 2158 proxima
600 2080 776 2159 Campaniae
790 2083 950 2159 municipia
964 2082 1096 2145 victimis
1118 2093 1149 2146 et

131 2166 327 2244 legationibus
348 2166 488 2227 laetitiam
507 2170 622 2229 testari:
640 2170 704 2247 ipse
724 2168 840 2230 diversa
859 2170 1045 2231 simulatione
1068 2191 1148 2234 mae·

92 2271 118 2310 10
133 2264 197 2316 stus
211 2262 241 2314 et
256 2258 341 2334 quasi
354 2254 550 2316 incolumitati
565 2274 634 2317 suaa
653 2258 788 2318 intensus
803 2277 836 2319 ac
851 2261 940 2319 morti
953 2263 1089 2337 parentis
1103 2265 1148 2324 in·-

131 2345 296 2405 lacrimans.
325 2345 394 2422 quia
408 2352 506 2405 tamen
521 2364 592 2425 non,
615 2353 648 2407 ut
661 2346 814 2407 hominum
828 2347 940 2429 vultus,
954 2352 994 2408 ita
1008 2347 1147 2412 locorum

131 2434 222 2494 iacies
236 2440 402 2514 mutantur,
417 2432 687 2515 obversabaturque
702 2438 792 2496 maris
806 2435 885 2496 illius
900 2443 930 2496 et
943 2434 1066 2498 litorum
1082 2457 1147 2519 gra·

132 2525 175 2583 vis
194 2529 332 2601 aspectus
352 2518 397 2603 (et
415 2531 501 2584 erant
519 2527 572 2603 qui
590 2525 748 2585 crederent
766 2526 895 2585 sonitum
913 2524 1003 2586 tubae
1018 2527 1148 2590 collibus

130 2614 244 2673 circum
264 2612 351 2672 editis
370 2611 565 2692 planctusque
583 2612 697 2674 tumulo
717 2615 820 2673 matris
844 2609 968 2693 audiri),
990 2613 1147 2695 Neapolim

91 2713 117 2754 15
132 2703 279 2760 concessit
297 2700 471 2781 litterasque
490 2702 525 2762 ad
545 2709 678 2762 senatum
697 2702 790 2781 misit,
810 2719 937 2781 quarum
952 2719 1068 2764 summa
1083 2714 1148 2766 erat

131 2797 283 2866 repertum
310 2807 379 2849 cum
407 2790 487 2851 ferro
518 2808 726 2869 percussorem
755 2789 930 2870 Agerinum,
963 2809 999 2851 ex
1031 2794 1147 2854 intimis

130 2877 309 2954 Agrippinae
324 2876 451 2958 libertis,
471 2885 500 2938 et
514 2878 605 2939 luisse
619 2897 684 2940 eam
701 2896 826 2956 poenam
846 2880 1040 2961 conscientia,
1060 2885 1148 2960 quasi

131 2964 229 3025 scelus
243 2966 414 3043 paravisset.

200 3051 249 3114 11.
281 3052 435 3114 Adiciebat
458 3056 582 3115 crimina
605 3055 721 3135 longius
749 3058 889 3138 repetita,
917 3056 995 3135 quod
1025 3075 1148 3119 consor·

202 3225 228 3290 9,
249 3231 264 3279 8
285 3240 314 3278 se
332 3225 377 3278 bic
395 3225 458 3280 add.
477 3225 649 3297 Nepperdep,
664 3232 728 3295 post
745 3224 806 3296 ipse
825 3225 959 3296 Ernesti!
976 3231 1009 3280 11
1029 3242 1148 3298 respon-

131 3295 231 3348 derant
249 3294 345 3350 Haase
361 3295 365 3363 l
383 3299 415 3348 12
434 3294 471 3348 ad
489 3311 562 3363 quae.
583 3294 635 3350 illa
654 3296 788 3352 Hancine
812 3298 817 3367 Ι
842 3297 887 3365 10,
907 3303 923 3352 8
950 3301 1149 3367 prensantium

130 3366 256 3420 Ernesti:
279 3364 487 3436 pressantiuml
506 3373 538 3421 10
560 3367 646 3423 morti
668 3367 797 3437 Lipsius:
819 3369 930 3439 morial
949 3374 982 3422 14
1001 3383 1017 3422 e
1035 3370 1148 3425 tumulo

133 3436 237 3505 Orelli!
255 3442 287 3491 lt
307 3437 389 3504 quasi
407 3438 436 3504 (i.
456 3453 476 3491 e.
496 3437 582 3506 quod)
600 3455 661 3494 uos:
688 3453 744 3507 qua
762 3437 858 3509 (quale
881 3438 999 3509 worm),
1018 3457 1057 3496 cn
1076 3443 1148 3496 tam-

130 3521 217 3572 quam
234 3505 249 3559 ?
264 3508 269 3574 1
286 3507 330 3573 11,
352 3515 365 3561 1
387 3506 548 3562 adiciebant
