2392 3876
271 214 318 268 AB
336 211 497 268 EXOESSU
514 205 670 265 AUGUSTI
687 211 758 266 XVI.
779 217 891 265 22-27.
1015 212 1080 276 369

72 369 160 427 etiam
170 363 318 424 Neronem
327 361 501 440 permoveri.
525 361 572 419 sin
586 358 754 420 crudelitati
764 360 924 439 insisteret,
939 359 1082 438 distingui

72 465 155 516 certe
172 451 250 530 apud
268 458 405 530 posteros
419 449 591 508 memoriam
605 446 724 507 honesti
738 449 834 507 exitus
849 446 885 506 ab
899 449 1014 525 ignavia
1028 466 1082 527 per

73 543 224 603 silentium
238 540 436 625 pereuntium.
1096 553 1123 594 1o

140 627 192 690 26.
215 626 322 688 Contra
341 628 394 706 qui
412 625 627 704 opperiendum
645 624 747 685 domui
764 624 940 707 censebant,
963 625 999 686 de
1017 628 1082 705 ipso

73 719 203 778 Thrasea
221 717 336 796 eadem,
355 714 407 774 sed
425 712 554 774 ludibria
571 724 602 774 et
619 711 813 775 contumelias
826 715 995 774 imminere:
1014 713 1082 773 sub·

73 806 206 866 traheret
223 822 311 865 aures
329 804 471 864 conviciis
488 810 519 863 et
536 801 663 881 probris.
691 821 751 863 non
766 803 861 863 solum
876 802 1083 863 Cossutianum

74 905 125 955 aut
139 893 262 971 Eprium
281 891 318 952 ad
337 890 435 952 scelus
451 897 618 971 promptos:
637 909 794 970 superesse
813 893 864 970 qui
883 891 1006 952 forsitan
1024 907 1083 950 ma-

74 1000 131 1043 nus
151 984 289 1060 ictusque
310 998 365 1058 per
385 981 597 1041 immanitatem
619 981 766 1059 ingesturi
787 981 860 1061 sint3
882 983 971 1040 eliam
988 977 1110 1039 bonoso

73 1078 156 1131 metu
166 1071 258 1149 sequi.
274 1069 443 1131 detraheret
450 1071 550 1149 potius
558 1071 681 1148 senatui,
689 1087 778 1148 quem
786 1086 904 1146 semper
912 1069 1084 1148 ornavisset,

73 1159 223 1220 infamiam
233 1161 307 1220 tanti
316 1158 428 1238 llagitii,
438 1167 468 1219 et
477 1156 660 1236 relinqueret
670 1159 827 1237 incertum,
838 1157 909 1235 quid
920 1159 982 1217 viso
993 1156 1084 1217 Thra-

75 1265 125 1308 sea
138 1265 191 1308 reo
205 1247 356 1309 decreturi
370 1254 470 1325 patres
484 1246 603 1307 luerint.
631 1251 665 1305 ut
678 1245 826 1306 Neronem
840 1246 1017 1321 llagitiorum
1031 1263 1084 1325 pu·
1128 1323 1132 1330 Ι
1162 1320 1164 1325 ¹

75 1336 129 1395 dor
143 1342 271 1416 caperet,
284 1337 374 1396 inrita
387 1352 441 1411 spe
455 1335 572 1414 agitari3
586 1332 739 1412 multoque
753 1335 846 1410 magis
860 1332 1033 1410 timendum,
1046 1351 1084 1393 ne

74 1427 104 1484 in
133 1426 302 1502 coniugem,
329 1425 361 1483 in
388 1421 491 1500 liliam,
522 1423 553 1481 in
581 1429 681 1482 cetera
707 1423 831 1500 pignora
859 1423 923 1481 eius
950 1423 1084 1481 saeviret.
1099 1439 1125 1478 10

75 1509 200 1589 proinde
218 1513 425 1589 intemeratus,
444 1508 619 1589 inpollutus,
638 1527 765 1588 quorum
784 1510 915 1587 vestigiis
934 1516 965 1569 et
979 1507 1085 1569 studiis

75 1600 166 1657 vitam
185 1598 316 1674 duxerit,
340 1614 443 1658 eorum
462 1596 554 1675 gloria
572 1604 689 1676 peteret
707 1597 804 1657 finem.
842 1595 943 1658 aderat
962 1597 1085 1657 consilio

76 1686 217 1746 Rusticus
231 1685 393 1765 Arulenus,
412 1684 539 1763 llagrans
557 1686 686 1765 Iuvenis,
705 1693 734 1746 et
754 1685 892 1764 cupidine
907 1685 1002 1746 laudis
1017 1686 1085 1746 olie-

76 1773 161 1834 rebat
175 1792 207 1834 se
221 1776 456 1835 intercessurum
467 1780 587 1833 senatus
598 1773 746 1836 consulto:
761 1791 828 1834 nam
839 1772 937 1853 plebei
947 1774 1086 1835 tribunus

76 1869 149 1922 orat.
180 1861 313 1923 cohibuit
327 1864 451 1940 spiritus
465 1863 529 1921 eius
544 1861 683 1941 Thrasea,
697 1880 734 1922 ne
748 1880 821 1922 vana
836 1872 866 1923 et
879 1880 930 1923 reo
945 1880 1003 1923 non
1019 1880 1085 1939 pro·
1100 1878 1126 1918 15

76 1953 189 2024 sutura,
213 1952 407 2011 intercessori
429 1951 552 2011 exitiosa
570 1952 725 2029 inciperet.
762 1950 820 2011 sibi
839 1958 934 2011 actam
952 1957 1086 2031 aetatem,

77 2047 107 2100 et
125 2046 169 2099 tot
188 2056 242 2116 per
261 2057 354 2100 annos
372 2040 547 2100 continuum
561 2039 787 2100 vitaeaordinem
801 2056 861 2099 non
875 2039 1086 2100 deserendum:

76 2127 120 2187 illi
133 2129 250 2187 initium
265 2130 491 2206 magistratuum
504 2135 535 2188 et
548 2130 663 2207 integra
682 2145 757 2206 quae
772 2129 932 2207 supersint.
960 2126 1087 2190 multum

77 2223 144 2274 ante
159 2233 260 2275 secum
274 2216 463 2297 expenderet,
477 2217 556 2295 quod
571 2217 623 2277 tali
637 2218 666 2277 in
682 2224 815 2297 tempore
831 2217 1027 2296 capessendae
1042 2219 1086 2277 rei

77 2301 213 2380 publicae
226 2305 283 2363 iter
298 2304 513 2382 ingrederetur.
541 2313 674 2366 ceterum
689 2307 767 2387 ipse,
785 2323 823 2366 an
841 2307 943 2366 venire
957 2308 988 2366 in
1004 2324 1085 2366 sena·
1101 2322 1126 2361 ao

77 2400 141 2449 tum
156 2390 288 2471 deceret,
302 2392 487 2452 meditationi
501 2410 571 2452 suae
585 2393 714 2472 reliquit.

143 2476 195 2539 27.
218 2480 256 2540 lt
277 2488 397 2559 postera
420 2480 487 2540 luce
509 2480 584 2541 duae
607 2482 773 2558 praetoriae
797 2480 935 2543 cohortes
958 2489 1085 2543 armatae

76 2566 220 2645 templum
234 2566 399 2628 Genetricis
409 2566 531 2628 Veneris
545 2569 691 2629 insedere.
719 2568 831 2629 aditum
845 2577 967 2631 senatus
981 2568 1086 2648 globus

76 2662 243 2734 togatorum
267 2654 424 2715 obsederat
446 2673 506 2716 non
529 2655 654 2716 occultis
677 2656 794 2737 gladiis,
823 2657 1009 2737 dispersique
1032 2677 1086 2738 per

76 2743 141 2803 fora
159 2761 193 2803 ao
210 2742 347 2803 basilicas
367 2745 455 2804 cunei
472 2743 623 2804 militares.
656 2746 735 2805 inter
753 2763 881 2824 quorum
899 2755 1037 2824 aspectus
1056 2755 1086 2808 et

75 2831 171 2892 minas
180 2832 308 2909 ingressi
317 2833 429 2892 curiam
440 2839 600 2908 senatores,
615 2840 645 2893 et
659 2834 752 2893 oratio
767 2836 911 2913 principis
925 2854 980 2914 per
995 2854 1081 2915 quae·
1105 2849 1118 2890 o

76 2925 189 2978 storem
202 2921 268 2980 eius
281 2920 379 2981 audita
396 2927 453 2981 ost:
472 2922 590 2981 nemine
609 2922 783 2981 nominatim
797 2922 971 3002 compellato
985 2933 1086 3003 patres

76 3006 232 3089 arguebat,
246 3008 325 3088 quod
339 3008 458 3087 publiea
473 3010 573 3070 munia
587 3009 760 3072 desererent
774 3029 937 3091 eorumque
952 3012 1085 3090 exemplo

147 3194 192 3263 25,
207 3201 223 3251 8
242 3195 268 3250 si
285 3196 316 3250 in
332 3197 335 3262 Ι
351 3196 427 3263 eost
447 3195 619 3266 subtrahere,
638 3215 686 3254 em.
707 3199 877 3254 Puteolanus
892 3201 897 3270 Ι
913 3204 928 3253 ὁ
947 3198 1086 3268 ingestum

75 3267 127 3333 (ool
145 3264 301 3336 aggesturi)
320 3266 454 3320 Heinsius
481 3268 537 3334 (sed
554 3269 621 3324 sine
644 3268 723 3339 sinb):
752 3267 867 3338 augusti
895 3269 1000 3337 (ausuri
1028 3268 1086 3323 sint

74 3337 285 3405 Acidalius)16
305 3352 414 3404 semper
433 3335 589 3392 ornavisset
610 3340 679 3394 coni.
699 3341 826 3408 Lipsius:
849 3339 1059 3409 perornauisset

75 3414 89 3461 7
110 3405 228 3461 infamio
244 3410 247 3474 Ι
266 3413 298 3463 10
316 3406 404 3460 filiam
420 3407 590 3479 Napperdeg:
609 3408 747 3465 familiam
764 3415 767 3478 Ι
785 3417 817 3465 12
837 3409 958 3480 gloriam
974 3412 1072 3480 petere

72 3476 134 3603 iffi
148 3477 265 3602 dzladoip
293 3481 299 3550 Ι
329 3485 362 3533 14
379 3477 474 3548 plebei
501 3479 602 3534 Ritter:
630 3479 708 3550 plebi
737 3485 742 3551 Ι
772 3481 852 3551 27,’2
875 3479 1011 3548 insidere,
1036 3498 1084 3536 em.

135 3565 247 3603 coccus

129 3646 233 3688 uncrrr
247 3648 355 3691 ennon
810 3690 813 3695 .
837 3649 871 3695 ‘24
