2408 3870
114 183 157 247 14
464 179 634 236 CORNELII
651 178 770 236 unctui

178 328 231 392 23.
254 327 433 391 Incendebat
455 328 528 391 baec
551 329 624 389 lietu
645 335 675 389 et
695 339 800 409 pectus
822 336 912 409 atque
933 348 968 392 os
988 333 1131 395 manibus

112 419 280 480 verberans.
309 436 377 480 mox
396 418 528 479 disiectis
548 435 675 496 quorum
695 435 750 496 per
772 436 892 479 umeros
913 420 1130 502 sustinebatur,

111 525 255 588 praeceps
270 516 300 568 et
314 506 498 585 singulorum
512 506 638 584 pedibus
653 505 808 567 advolutus
822 515 938 568 tantum
953 520 1130 571 consterno

112 598 202 656 tionis
220 595 407 674 invidiaeque
426 596 566 674 conciuit,
587 604 622 655 ut
640 612 709 673 pars
724 595 852 656 rnilitum
866 595 1053 676 gladiatores,
1073 601 1135 678 qui

86 699 129 745 se
146 686 268 744 servitio
282 683 378 743 Blaesi
398 692 496 762 erant,
513 700 582 759 pars
602 692 731 743 ceteram
750 684 885 744 eiusdem
905 684 1045 745 familiam
1064 689 1129 748 rin-

113 775 222 850 cirent,
241 771 291 832 alii
304 770 341 831 ad
355 772 558 849 quaerendum
571 789 681 849 corpus
696 771 928 832 effunderentur.
957 791 991 834 ac
1010 776 1042 834 ni
1058 793 1130 852 pro

112 879 183 941 pere
198 878 295 939 neque
309 877 418 937 conpus
433 858 527 920 ullum
541 862 681 938 reperiri,
695 867 725 920 et
740 878 841 921 servos
856 859 995 923 adhibitis
1010 865 1130 924 crucia·

112 949 193 1010 tibus
207 948 337 1008 abnuere
350 948 479 1028 caedem,
494 966 591 1026 neque
605 947 648 1008 illi
662 948 754 1008 luisse
768 966 908 1028 umquam
923 950 1046 1011 fratrem
1060 970 1129 1029 per-

113 1039 269 1118 notuisset,
283 1035 361 1097 haud
375 1035 503 1097 multum
517 1035 553 1096 ab
568 1039 658 1096 exitio
672 1036 761 1113 legati
775 1037 905 1097 aberant.
930 1037 1071 1098 tribunos
1087 1048 1129 1100 ta-

72 1142 98 1182 1o
111 1144 180 1187 men
195 1144 229 1185 ae
243 1125 426 1203 praelectum
440 1133 606 1185 castrorum
622 1133 786 1204 extrusere,
801 1127 932 1185 sarcinae
943 1125 1127 1203 fugientium

113 1215 259 1294 direptae,
277 1221 307 1274 et
321 1214 456 1274 centurio
470 1212 603 1274 Lucilius
617 1215 808 1293 interficitur,
827 1215 877 1274 cui
890 1213 1072 1275 militaribus
1088 1216 1128 1276 la·
1149 1234 1152 1242 ·

113 1305 199 1363 celiis
213 1301 389 1362 vocabulum
408 1296 493 1362 ‘cedo
512 1296 645 1362 alteram'
664 1301 845 1381 iudiderant,
865 1305 934 1381 quia
954 1301 1046 1363 fracta
1067 1307 1128 1365 vite

111 1393 143 1451 in
162 1398 246 1468 tergo
264 1389 367 1450 militis
383 1389 505 1450 alteram
521 1389 599 1450 clara
616 1408 686 1450 voce
706 1408 739 1450 ac
753 1407 860 1450 rursus
874 1389 960 1450 aliam
973 1392 1128 1468 poscebat.

113 1487 228 1540 ceteros
243 1478 373 1539 latebrae
387 1486 501 1558 terere,
515 1496 575 1539 uno
590 1485 707 1539 retento
722 1477 873 1539 Clemente
887 1477 976 1557 lulio,
991 1481 1044 1557 qui
1059 1499 1128 1558 per-

72 1581 98 1622 n
113 1568 242 1628 terendis
261 1566 388 1628 militum
407 1566 552 1628 mandatis
570 1565 735 1627 habebatur
752 1568 879 1627 idoneus
896 1566 934 1626 ob
952 1578 1129 1645 promptum

112 1657 272 1734 ingenium.
301 1657 373 1735 quin
392 1657 474 1734 ipsae
491 1657 571 1715 inter
589 1673 621 1716 se
640 1654 771 1732 legiones
788 1662 890 1716 octava
907 1662 937 1714 et
953 1657 1058 1734 quinta
1078 1658 1127 1718 de·

113 1763 198 1805 cuma
213 1745 325 1804 ferrum
339 1743 495 1823 parabant,
515 1743 585 1804 dum
600 1745 805 1804 centurionem
820 1750 1016 1822 cognomento
1032 1743 1128 1824 Sirpi-

113 1852 181 1894 cum
191 1832 240 1892 illa
255 1834 345 1892 morti
359 1832 502 1913 deposcit,
517 1830 779 1911 quintadecumani
788 1840 921 1910 tuentur,
936 1834 966 1890 ni
976 1831 1066 1892 miles
1076 1851 1128 1894 no-

113 1938 208 1981 nanus
222 1937 327 1997 preces
342 1928 372 1980 et
386 1919 543 1981 adversum
557 1921 743 1999 aspernantis
757 1921 852 1980 minas
866 1921 1078 1982 interiecisset.

179 2006 231 2069 24.
250 2007 329 2068 llaec
339 2007 438 2069 audita
448 2027 626 2088 quamquam
635 2007 806 2069 abstrusum
817 2016 846 2069 et
856 2009 1027 2068 tristissima
1035 2027 1127 2088 quae·

113 2115 171 2175 que
196 2098 322 2156 maxime
346 2096 542 2158 occultantem
568 2096 721 2157 Tiberium
739 2096 906 2176 perpulere,
935 2105 967 2155 ut
994 2096 1128 2159 Drusum

113 2185 206 2246 lilium
220 2203 288 2245 cum
302 2185 484 2263 primoribus
498 2188 624 2247 civitatis
636 2185 811 2263 duabusque
824 2185 981 2264 praetoriis
994 2184 1126 2247 cohorti·

112 2274 169 2335 bns
183 2275 329 2353 mitteret,
342 2273 431 2335 nullis
446 2276 518 2334 satis
532 2276 623 2334 certis
636 2274 795 2352 mandatis,
810 2291 846 2332 ex
860 2290 893 2332 re
907 2273 1127 2336 consulturum.

86 2370 144 2422 oet
164 2361 302 2422 cohortes
325 2361 439 2423 delecto
463 2362 555 2423 milite
580 2379 670 2440 supra
691 2359 810 2421 solitum
831 2361 972 2421 firmatae.
1003 2362 1127 2425 additur

113 2469 217 2529 magna
235 2468 304 2528 pars
322 2451 503 2529 praetoriani
521 2451 630 2530 equitis
650 2458 680 2509 et
699 2448 806 2509 robora
824 2449 1055 2530 Germanorum,
1076 2454 1128 2531 qui

112 2548 176 2600 turn
193 2539 332 2600 custodes
348 2541 521 2618 imperatori
537 2538 673 2619 aderant;
692 2537 780 2598 simul
796 2539 937 2615 praetorii
952 2539 1128 2615 praelectus

113 2628 212 2689 lelius
228 2627 361 2708 Seianus,
375 2627 486 2704 collega
501 2626 640 2688 Straboni
654 2628 731 2706 patri
745 2645 799 2686 suo
814 2627 909 2704 datus,
923 2643 1028 2702 magna
1045 2630 1126 2706 apud

112 2716 265 2777 Tiberium
288 2717 476 2796 anctoritate,
499 2723 599 2776 rector
621 2716 722 2776 iuveni
743 2723 773 2775 et
793 2716 901 2774 ceteris
919 2714 1128 2791 periculorum

73 2819 98 2857 10
113 2807 372 2884 praemiorumque
396 2810 568 2865 ostentator.
605 2803 701 2864 Druso
724 2803 937 2881 propinquanti
960 2807 1047 2879 quasi
1073 2823 1129 2884 per

114 2894 244 2954 cilicium
259 2893 361 2953 obviae
376 2893 460 2953 luere
473 2892 617 2971 legiones,
636 2910 695 2952 non
709 2891 815 2971 laetae,
833 2900 867 2951 ut
880 2889 1006 2971 adsolet,
1026 2910 1129 2973 neque

113 2982 280 3060 insignibus
294 2980 449 3061 fulgentes,
464 2982 515 3042 sed
529 2981 640 3041 inluvie
655 2980 780 3040 deformi
794 2988 824 3040 et
838 2978 929 3058 vultu,
944 2995 1129 3059 quamquam

113 3073 290 3132 maestitiam
304 3072 505 3149 imitarentur,
520 3070 721 3130 contumaciae
735 3069 898 3145 propiores.

176 3157 227 3220 25.
246 3159 407 3236 Postquam
422 3157 528 3218 vallum
543 3159 670 3235 introiit,
689 3163 790 3233 portas
805 3154 981 3215 stationibus
995 3155 1129 3238 firmant,

114 3247 217 3326 globos
240 3254 421 3307 armatorum
444 3248 535 3306 certis
558 3256 724 3304 castrorum
750 3242 822 3302 locis
848 3244 979 3321 opperiri
1004 3244 1129 3306 iubent:
1149 3280 1164 3297 ο

114 3337 208 3396 ceteri
222 3333 351 3394 tribunal
365 3336 479 3411 ingenti
493 3335 608 3412 agmine
626 3333 869 3391 circumveniunt.
898 3330 994 3390 stabat
1008 3330 1130 3396 Drusus

186 3521 231 3588 28,
253 3527 284 3575 12
304 3520 380 3575 iacta
398 3520 475 3575 uitae
492 3524 495 3590 Ι
512 3520 557 3587 Db,
579 3526 592 3574 1
612 3517 723 3586 introit,
742 3535 789 3574 erc.
808 3517 987 3588 Legationes.
1006 3522 1034 3586 1,
1050 3524 1131 3589 34,5
