2392 3876
271 204 320 258 AB
339 201 498 261 excussu
515 201 671 258 AUGUSTI
688 203 749 258 XV.
768 209 863 259 e--aa
1004 203 1068 268 323

60 373 118 416 uno
137 353 256 415 habitus
274 370 380 431 vagum
398 351 513 412 hostem
532 354 698 431 promptius
716 353 950 414 sustentavisset.
981 370 1069 432 aegre
1113 376 1164 415 a,

59 443 245 523 compulsum
268 442 381 521 lerunt,
405 447 439 502 ut
461 442 621 502 instantem
640 438 802 502 Corbuloni
824 441 976 502 fateretur.
1013 459 1069 504 nee

58 551 75 594 a
97 531 264 593 Corbulone
287 537 492 609 properatum,
516 547 575 610 quo
597 529 792 608 gliscentibus
816 525 957 608 periculis
980 531 1070 591 etiam

59 620 186 682 subsidii
198 620 263 680 laus
277 626 444 698 augeretur.
473 617 607 696 expediri
621 627 718 679 tamen
736 619 838 679 itineri
856 617 970 698 singula
989 618 1068 680 milia
1083 646 1110 688 20

59 728 94 771 ex
110 708 207 770 tribus
221 707 387 787 legionibus
400 714 431 768 et
445 706 552 768 alarios
570 709 770 787 octingentos,
790 725 892 786 parem
912 725 1069 770 numerum

59 817 75 860 e
89 797 264 861 cohortibus
277 797 374 858 iussit.

128 884 178 949 11.
196 886 234 946 ht
247 883 417 964 Vologeses,
439 885 571 963 quamvis
591 884 713 946 obsessa
731 902 748 946 a
765 883 854 946 Paeto
874 886 980 946 itinera
999 884 1069 946 hinc

60 975 193 1054 peditatu
206 974 277 1035 inde
290 974 389 1053 equite
403 974 579 1053 accepisset,
598 973 672 1033 nihil
685 980 798 1035 mutato
812 973 950 1056 consilio,
969 975 1021 1035 sed
1041 977 1071 1036 vi

60 1083 93 1126 ae
112 1064 201 1124 minis
220 1061 315 1123 alares
332 1062 491 1140 exterruit,
513 1061 690 1139 legionarios
713 1062 847 1144 obtrivit,
870 1081 931 1126 uno
955 1070 1070 1125 tantum

60 1153 234 1214 centurione
257 1150 410 1230 Tarquitio
429 1149 587 1213 Crescente
611 1151 731 1230 turrim,
754 1152 785 1212 in
808 1169 866 1232 qua
888 1152 1070 1231 praesidium

60 1241 201 1321 agitabat,
224 1239 383 1301 detondere
402 1256 473 1300 auso
492 1239 627 1319 laetaque
646 1241 764 1317 saepius
784 1241 939 1318 eruptione
957 1248 988 1302 et
1006 1249 1096 1302 cae-⁵

61 1333 115 1411 sis,
134 1332 187 1410 qul
200 1328 395 1390 barbarorum
412 1330 537 1408 propius
551 1327 830 1408 suggrediebantur,
849 1327 943 1389 donec
957 1331 1070 1407 ignium

61 1422 141 1481 iactu
159 1418 434 1481 circumveniretur.
461 1416 595 1495 peditum
613 1418 640 1477 si
658 1418 725 1497 quis
738 1418 854 1494 integer
866 1417 1028 1496 longinqua
1041 1424 1072 1478 et

62 1510 138 1588 avia,
161 1505 308 1569 vulnerati
326 1513 423 1568 castra
440 1507 619 1585 repetivere,
643 1507 783 1572 virtutem
803 1506 896 1587 regis,
920 1507 1071 1566 saevitiam

62 1604 92 1657 et
106 1598 206 1675 copias
220 1597 366 1676 gentium,
380 1602 487 1656 cuncta
501 1601 583 1656 metu
598 1592 787 1674 extollentes,
802 1593 881 1655 lacili
895 1594 1070 1655 credulitate

62 1703 179 1765 eorum,
198 1686 250 1764 qui
264 1683 366 1745 eadem
380 1682 533 1763 pavebant.
560 1700 598 1743 ne
613 1682 673 1743 dux
687 1682 808 1763 quidem
822 1681 917 1743 obniti
930 1683 1071 1764 adversis,
1086 1693 1112 1731 1⁰

63 1774 115 1835 sed
129 1781 236 1836 cuneta
250 1771 371 1833 militiae
385 1773 486 1833 munia
500 1771 686 1852 deseruerat,
704 1773 804 1832 missis
822 1773 932 1832 iterum
951 1772 987 1832 ad
1002 1771 1071 1833 Cor·

62 1862 202 1924 hulonem
220 1861 373 1942 precibus,
396 1863 510 1922 renuet
528 1878 668 1940 propere,
692 1862 775 1939 signa
793 1866 824 1921 et
842 1860 954 1940 aquilas
973 1867 1003 1921 et
1021 1878 1072 1921 no-

63 1970 131 2013 men
150 1951 299 2031 reliquum
317 1948 444 2012 infelicis
463 1950 612 2010 exercitus
626 1955 776 2010 tueretur:
794 1966 826 2009 se
841 1948 930 2009 fidem
944 1950 1072 2030 iuterim,

63 2041 156 2103 donee
171 2042 229 2102 vita
245 2039 427 2121 subpeditet,
441 2045 619 2099 retenturos.

131 2126 182 2190 12.-
194 2128 246 2190 llle
261 2130 416 2189 interritus
430 2134 460 2188 et
473 2135 557 2207 parte
571 2129 724 2205 copiarum
738 2125 815 2205 apud
831 2125 948 2186 Suriam
962 2125 1074 2207 relicta,

63 2226 97 2278 ut
111 2220 293 2279 munimenta
306 2216 451 2297 Euphrati
464 2218 592 2295 inposita
605 2217 820 2296 retinerentur,
834 2233 893 2294 qua
906 2217 1074 2294 proximum

64 2313 94 2367 et
108 2304 320 2366 commeatibus
335 2323 394 2366 non
412 2323 553 2385 egenum,
572 2307 724 2381 regionem
738 2303 977 2385 Commagenam,
996 2306 1074 2365 exim

64 2392 290 2473 Cappadociam,
313 2393 382 2454 inde
400 2393 556 2453 Armenios
579 2393 692 2471 petivit.
729 2390 945 2453 comitabantur
964 2394 1075 2453 exerci-

64 2492 129 2545 tum
151 2490 269 2561 praeter
292 2481 347 2542 alia
370 2487 455 2542 sueta
478 2479 555 2541 bello
578 2497 683 2557 magna
705 2481 750 2539 ris
769 2478 949 2541 camelorum
968 2488 1101 2540 onustat

65 2572 219 2650 frumenti,
239 2577 273 2631 ut
291 2567 379 2630 simul
397 2568 514 2630 hostem
533 2567 698 2647 lamcmque
717 2567 886 2646 depelleret.
914 2569 1074 2645 primume

65 2659 210 2739 perculsis
232 2657 372 2720 Paccium
399 2658 488 2737 primi
514 2655 571 2735 pili
594 2657 799 2718 centurionem
821 2654 941 2716 obvium
963 2655 1076 2737 hahuit,

66 2748 134 2809 dein
155 2747 313 2827 plerosque
336 2745 477 2822 militum3
502 2761 577 2825 quos
595 2744 727 2805 diversas
746 2743 831 2822 lugae
851 2761 955 2805 causas
974 2744 1075 2806 obten-

66 2837 170 2898 dentes
185 2836 284 2898 redire
298 2835 334 2896 ad
349 2837 432 2914 signa
446 2840 476 2896 ot
489 2832 676 2895 clementiam
690 2831 773 2894 Paeti
786 2835 916 2912 experiri
924 2834 1074 2895 monebat:

53 2944 98 2988 ·se
117 2927 176 2987 nisi
193 2924 356 2986 victoribus
374 2925 517 2984 immitem
536 2940 609 2984 esse.
642 2920 730 2982 simul
749 2939 818 2984 suas
836 2921 967 3002 legiones
986 2923 1118 3003 adire,1t

65 3016 191 3095 hortari,
211 3015 346 3094 priorum
363 3013 534 3094 admonere,
553 3028 658 3074 novam
676 3009 799 3089 gloriam
817 3011 982 3072 ostendere.
1017 3029 1076 3071 non

65 3107 147 3166 vicos
165 3111 217 3166 aut
235 3102 342 3182 oppida
360 3102 579 3183 Armeniorum,
603 3100 655 3161 sed
679 3107 775 3161 castra
794 3099 925 3161 Romana
943 3100 1075 3180 duasque

66 3196 97 3254 in
115 3195 153 3254 iis
171 3192 302 3271 legiones
320 3192 450 3270 pretium
468 3189 577 3252 laboris
595 3190 665 3269 peti.
700 3191 727 3250 si
745 3187 869 3267 singulis
887 3188 1076 3267 manipulari·

67 3282 123 3343 bus
137 3284 295 3360 praecipua
310 3281 418 3341 servati
433 3281 506 3340 civis
524 3296 632 3341 corona
650 3279 840 3357 imperatoria
858 3295 947 3338 manu
966 3277 1076 3337 tribue·

131 3417 183 3484 ·1⁰‚
200 3423 232 3472 tt
252 3413 470 3472 sustentauisset
487 3415 517 3469 ei
535 3416 576 3486 (et
593 3413 818 3481 dei1ihenanue,
836 3414 945 3482 mgnum
963 3413 1077 3467 lornano
1169 3418 1172 3427 ¹

67 3487 160 3556 poenit
177 3487 282 3557 Haase)
308 3490 312 3556 Ι
338 3493 372 3542 20
391 3485 538 3555 subsidiis,
559 3502 606 3542 em.
627 3486 796 3542 Puteolanus
820 3487 826 3552 Ι
850 3483 895 3551 11,
915 3490 931 3537 2
958 3482 1007 3537 sed
1025 3483 1082 3538 del„

68 3557 197 3614 Furnos
212 3561 217 3627 Ι
234 3565 267 3613 14
286 3558 347 3613 uita

721 3617 724 3621 ⁷
807 3643 865 3698 21*
