<?xml version="1.0" encoding="UTF-8"?>
<!DOCTYPE html PUBLIC "-//W3C//DTD XHTML 1.0 Transitional//EN"
    "http://www.w3.org/TR/xhtml1/DTD/xhtml1-transitional.dtd">
<html xmlns="http://www.w3.org/1999/xhtml" xml:lang="en" lang="en">
 <head>
  <title>
</title>
<meta http-equiv="Content-Type" content="text/html;charset=utf-8" />
  <meta name='ocr-system' content='tesseract 3.04.00' />
  <meta name='ocr-capabilities' content='ocr_page ocr_carea ocr_par ocr_line ocrx_word'/>
</head>
<body>
  <div class='ocr_page' id='page_1' title='image "./libriquisupersu00halmgoog_0092.png"; bbox 0 0 2392 3876; ppageno 0'>
   <div class='ocr_carea' id='block_1_1' title="bbox 284 173 1081 243">
    <p class='ocr_par' dir='ltr' id='par_1_1' title="bbox 284 173 1081 243">
     <span class='ocr_line' id='line_1_1' title="bbox 284 173 1081 243; baseline 0.014 -14"><span class='ocrx_word' id='word_1_1' title='bbox 284 175 333 230; x_wconf 81' lang='lat' dir='ltr'><strong>AB</strong></span> <span class='ocrx_word' id='word_1_2' title='bbox 351 174 512 230; x_wconf 76' lang='lat' dir='ltr'><strong>excessu</strong></span> <span class='ocrx_word' id='word_1_3' title='bbox 529 174 687 232; x_wconf 79' lang='lat' dir='ltr'><strong>Anonsrr</strong></span> <span class='ocrx_word' id='word_1_4' title='bbox 704 176 745 232; x_wconf 85' lang='lat' dir='ltr'><strong>n:</strong></span> <span class='ocrx_word' id='word_1_5' title='bbox 758 182 878 241; x_wconf 72' lang='lat' dir='ltr'><strong>n-ec¹</strong></span> <span class='ocrx_word' id='word_1_6' title='bbox 1040 173 1081 243; x_wconf 85' lang='lat'><strong>81</strong></span> 
     </span>
    </p>
   </div>
   <div class='ocr_carea' id='block_1_2' title="bbox 45 323 1127 3146">
    <p class='ocr_par' dir='ltr' id='par_1_2' title="bbox 71 323 1123 669">
     <span class='ocr_line' id='line_1_2' title="bbox 72 323 1083 405; baseline 0.002 -19"><span class='ocrx_word' id='word_1_7' title='bbox 72 342 206 405; x_wconf 93' lang='lat' dir='ltr'><strong>quosque</strong></span> <span class='ocrx_word' id='word_1_8' title='bbox 225 323 392 387; x_wconf 85' lang='lat' dir='ltr'><strong>Germanici</strong></span> <span class='ocrx_word' id='word_1_9' title='bbox 411 342 557 386; x_wconf 83' lang='lat' dir='ltr'><strong>memores</strong></span> <span class='ocrx_word' id='word_1_10' title='bbox 576 332 627 386; x_wconf 88' lang='lat' dir='ltr'><strong>aut</strong></span> <span class='ocrx_word' id='word_1_11' title='bbox 644 326 774 386; x_wconf 89' lang='lat' dir='ltr'><strong>inimicis</strong></span> <span class='ocrx_word' id='word_1_12' title='bbox 792 327 857 386; x_wconf 90' lang='lat' dir='ltr'><strong>eius</strong></span> <span class='ocrx_word' id='word_1_13' title='bbox 877 327 1015 387; x_wconf 89' lang='lat' dir='ltr'><strong>adversos</strong></span> <span class='ocrx_word' id='word_1_14' title='bbox 1035 345 1083 388; x_wconf 88' lang='lat' dir='ltr'><strong>co-</strong></span> 
     </span>
     <span class='ocr_line' id='line_1_3' title="bbox 71 413 1083 494; baseline 0.002 -21"><span class='ocrx_word' id='word_1_15' title='bbox 71 421 225 494; x_wconf 86' lang='lat' dir='ltr'><strong>gnoverat,</strong></span> <span class='ocrx_word' id='word_1_16' title='bbox 240 415 401 494; x_wconf 80' lang='lat' dir='ltr'><strong>contrahit,</strong></span> <span class='ocrx_word' id='word_1_17' title='bbox 414 413 646 492; x_wconf 82' lang='lat' dir='ltr'><strong>magnitudinem</strong></span> <span class='ocrx_word' id='word_1_18' title='bbox 662 415 849 493; x_wconf 89' lang='lat' dir='ltr'><strong>imperatoris</strong></span> <span class='ocrx_word' id='word_1_19' title='bbox 863 415 1026 475; x_wconf 80' lang='lat' dir='ltr'><strong>identidem</strong></span> <span class='ocrx_word' id='word_1_20' title='bbox 1039 417 1083 476; x_wconf 94' lang='lat' dir='ltr'><strong>in·</strong></span> 
     </span>
     <span class='ocr_line' id='line_1_4' title="bbox 72 501 1084 582; baseline 0.002 -20"><span class='ocrx_word' id='word_1_21' title='bbox 72 520 179 581; x_wconf 89' lang='lat' dir='ltr'><strong>gerens</strong></span> <span class='ocrx_word' id='word_1_22' title='bbox 193 511 222 562; x_wconf 89' lang='lat' dir='ltr'><strong>et</strong></span> <span class='ocrx_word' id='word_1_23' title='bbox 236 502 462 581; x_wconf 91' lang='lat' dir='ltr'><strong>rempublicam</strong></span> <span class='ocrx_word' id='word_1_24' title='bbox 476 503 566 563; x_wconf 88' lang='lat' dir='ltr'><strong>armis</strong></span> <span class='ocrx_word' id='word_1_25' title='bbox 580 503 655 582; x_wconf 88' lang='lat' dir='ltr'><strong>peti;</strong></span> <span class='ocrx_word' id='word_1_26' title='bbox 670 503 811 582; x_wconf 80' lang='lat' dir='ltr'><strong>ducitque</strong></span> <span class='ocrx_word' id='word_1_27' title='bbox 825 501 950 564; x_wconf 85' lang='lat' dir='ltr'><strong>validam</strong></span> <span class='ocrx_word' id='word_1_28' title='bbox 964 521 1084 564; x_wconf 91' lang='lat' dir='ltr'><strong>manum</strong></span> 
     </span>
     <span class='ocr_line' id='line_1_5' title="bbox 72 590 1123 669; baseline 0.001 -19"><span class='ocrx_word' id='word_1_29' title='bbox 72 598 103 650; x_wconf 93' lang='lat' dir='ltr'><strong>et</strong></span> <span class='ocrx_word' id='word_1_30' title='bbox 116 590 228 668; x_wconf 90' lang='lat' dir='ltr'><strong>proelio</strong></span> <span class='ocrx_word' id='word_1_31' title='bbox 243 599 383 669; x_wconf 90' lang='lat' dir='ltr'><strong>paratam.</strong></span> <span class='ocrx_word' id='word_1_32' title='bbox 1097 602 1123 644; x_wconf 81' lang='lat'><strong>15</strong></span> 
     </span>
    </p>

    <p class='ocr_par' dir='ltr' id='par_1_3' title="bbox 45 676 1127 2330">
     <span class='ocr_line' id='line_1_6' title="bbox 139 676 1084 760; baseline -0.001 -20"><span class='ocrx_word' id='word_1_33' title='bbox 139 676 191 740; x_wconf 88' lang='grc'><strong>80.</strong></span> <span class='ocrx_word' id='word_1_34' title='bbox 209 679 271 741; x_wconf 87' lang='lat' dir='ltr'><strong>Nec</strong></span> <span class='ocrx_word' id='word_1_35' title='bbox 285 679 366 760; x_wconf 89' lang='lat' dir='ltr'><strong>Piso,</strong></span> <span class='ocrx_word' id='word_1_36' title='bbox 386 697 563 758; x_wconf 83' lang='lat' dir='ltr'><strong>quamquam</strong></span> <span class='ocrx_word' id='word_1_37' title='bbox 578 686 682 757; x_wconf 88' lang='lat' dir='ltr'><strong>coepta</strong></span> <span class='ocrx_word' id='word_1_38' title='bbox 702 697 789 739; x_wconf 88' lang='lat' dir='ltr'><strong>secus</strong></span> <span class='ocrx_word' id='word_1_39' title='bbox 808 679 964 759; x_wconf 88' lang='lat' dir='ltr'><strong>cadebant,</strong></span> <span class='ocrx_word' id='word_1_40' title='bbox 985 681 1084 740; x_wconf 89' lang='lat' dir='ltr'><strong>omisit</strong></span> 
     </span>
     <span class='ocr_line' id='line_1_7' title="bbox 72 766 1084 848; baseline 0 -20"><span class='ocrx_word' id='word_1_41' title='bbox 72 769 221 828; x_wconf 89' lang='lat' dir='ltr'><strong>tutissima</strong></span> <span class='ocrx_word' id='word_1_42' title='bbox 235 786 251 828; x_wconf 87' lang='lat' dir='ltr'><strong>o</strong></span> <span class='ocrx_word' id='word_1_43' title='bbox 265 767 485 848; x_wconf 90' lang='lat' dir='ltr'><strong>praesentibus,</strong></span> <span class='ocrx_word' id='word_1_44' title='bbox 503 767 556 828; x_wconf 91' lang='lat' dir='ltr'><strong>sed</strong></span> <span class='ocrx_word' id='word_1_45' title='bbox 571 767 726 828; x_wconf 88' lang='lat' dir='ltr'><strong>castellum</strong></span> <span class='ocrx_word' id='word_1_46' title='bbox 740 766 859 828; x_wconf 84' lang='lat' dir='ltr'><strong>Ciliciae</strong></span> <span class='ocrx_word' id='word_1_47' title='bbox 873 770 1021 829; x_wconf 91' lang='lat' dir='ltr'><strong>munitum</strong></span> <span class='ocrx_word' id='word_1_48' title='bbox 1035 768 1084 828; x_wconf 91' lang='lat' dir='ltr'><strong>ad·</strong></span> 
     </span>
     <span class='ocr_line' id='line_1_8' title="bbox 71 855 1084 936; baseline 0 -20"><span class='ocrx_word' id='word_1_49' title='bbox 71 856 201 936; x_wconf 90' lang='lat' dir='ltr'><strong>modum,</strong></span> <span class='ocrx_word' id='word_1_50' title='bbox 217 859 266 916; x_wconf 87' lang='lat' dir='ltr'><strong>cui</strong></span> <span class='ocrx_word' id='word_1_51' title='bbox 280 875 388 917; x_wconf 90' lang='lat' dir='ltr'><strong>nomen</strong></span> <span class='ocrx_word' id='word_1_52' title='bbox 403 855 581 936; x_wconf 90' lang='lat' dir='ltr'><strong>Celenderis,</strong></span> <span class='ocrx_word' id='word_1_53' title='bbox 597 863 735 936; x_wconf 72' lang='lat' dir='ltr'><strong>occupat,</strong></span> <span class='ocrx_word' id='word_1_54' title='bbox 750 874 818 916; x_wconf 93' lang='lat' dir='ltr'><strong>nam</strong></span> <span class='ocrx_word' id='word_1_55' title='bbox 833 855 970 916; x_wconf 83' lang='lat' dir='ltr'><strong>admixtis</strong></span> <span class='ocrx_word' id='word_1_56' title='bbox 985 856 1084 917; x_wconf 89' lang='lat' dir='ltr'><strong>deser-</strong></span> 
     </span>
     <span class='ocr_line' id='line_1_9' title="bbox 72 943 1084 1024; baseline 0.001 -20"><span class='ocrx_word' id='word_1_57' title='bbox 72 943 188 1005; x_wconf 84' lang='lat' dir='ltr'><strong>toribus</strong></span> <span class='ocrx_word' id='word_1_58' title='bbox 207 952 238 1004; x_wconf 93' lang='lat' dir='ltr'><strong>et</strong></span> <span class='ocrx_word' id='word_1_59' title='bbox 257 946 353 1004; x_wconf 90' lang='lat' dir='ltr'><strong>tirone</strong></span> <span class='ocrx_word' id='word_1_60' title='bbox 372 963 468 1024; x_wconf 85' lang='lat' dir='ltr'><strong>nuper</strong></span> <span class='ocrx_word' id='word_1_61' title='bbox 486 945 652 1022; x_wconf 88' lang='lat' dir='ltr'><strong>intercepto</strong></span> <span class='ocrx_word' id='word_1_62' title='bbox 672 946 793 1022; x_wconf 90' lang='lat' dir='ltr'><strong>suisque</strong></span> <span class='ocrx_word' id='word_1_63' title='bbox 808 952 838 1006; x_wconf 88' lang='lat' dir='ltr'><strong>et</strong></span> <span class='ocrx_word' id='word_1_64' title='bbox 851 944 1008 1005; x_wconf 83' lang='lat' dir='ltr'><strong>Plancinae</strong></span> <span class='ocrx_word' id='word_1_65' title='bbox 1023 962 1084 1005; x_wconf 92' lang='lat' dir='ltr'><strong>ser·</strong></span> 
     </span>
     <span class='ocr_line' id='line_1_10' title="bbox 72 1031 1111 1114; baseline 0.002 -23"><span class='ocrx_word' id='word_1_66' title='bbox 72 1034 153 1092; x_wconf 85' lang='lat' dir='ltr'><strong>vitiis</strong></span> <span class='ocrx_word' id='word_1_67' title='bbox 168 1033 275 1093; x_wconf 84' lang='lat' dir='ltr'><strong>auxilia</strong></span> <span class='ocrx_word' id='word_1_68' title='bbox 290 1031 426 1114; x_wconf 88' lang='lat' dir='ltr'><strong>Cilicum,</strong></span> <span class='ocrx_word' id='word_1_69' title='bbox 446 1051 521 1112; x_wconf 91' lang='lat' dir='ltr'><strong>quae</strong></span> <span class='ocrx_word' id='word_1_70' title='bbox 535 1032 632 1111; x_wconf 87' lang='lat' dir='ltr'><strong>reguli</strong></span> <span class='ocrx_word' id='word_1_71' title='bbox 646 1035 802 1107; x_wconf 91' lang='lat' dir='ltr'><strong>miserant</strong></span> <span class='ocrx_word' id='word_1_72' title='bbox 823 1036 854 1094; x_wconf 94' lang='lat' dir='ltr'><strong>in</strong></span> <span class='ocrx_word' id='word_1_73' title='bbox 873 1051 1030 1094; x_wconf 92' lang='lat' dir='ltr'><strong>numerum</strong></span> <span class='ocrx_word' id='word_1_74' title='bbox 1044 1032 1111 1093; x_wconf 86' lang='lat' dir='ltr'><strong>le·⁶</strong></span> 
     </span>
     <span class='ocr_line' id='line_1_11' title="bbox 73 1120 1085 1225; baseline 0.002 -45"><span class='ocrx_word' id='word_1_75' title='bbox 73 1122 169 1224; x_wconf 84' lang='lat' dir='ltr'><strong>gionis</strong></span> <span class='ocrx_word' id='word_1_76' title='bbox 188 1129 401 1225; x_wconf 83' lang='lat' dir='ltr'><strong>composuerat.</strong></span> <span class='ocrx_word' id='word_1_77' title='bbox 431 1121 623 1225; x_wconf 86' lang='lat' dir='ltr'><strong>Caesarisque</strong></span> <span class='ocrx_word' id='word_1_78' title='bbox 642 1139 674 1182; x_wconf 91' lang='lat' dir='ltr'><strong>se</strong></span> <span class='ocrx_word' id='word_1_79' title='bbox 693 1120 822 1200; x_wconf 85' lang='lat' dir='ltr'><strong>legatum</strong></span> <span class='ocrx_word' id='word_1_80' title='bbox 839 1121 1004 1182; x_wconf 87' lang='lat' dir='ltr'><strong>testabatur</strong></span> <span class='ocrx_word' id='word_1_81' title='bbox 1017 1139 1085 1200; x_wconf 94' lang='lat' dir='ltr'><strong>pro·</strong></span> 
     </span>
     <span class='ocr_line' id='line_1_12' title="bbox 72 1204 1085 1300; baseline 0.001 -31"><span class='ocrx_word' id='word_1_82' title='bbox 72 1211 181 1290; x_wconf 85' lang='lat' dir='ltr'><strong>vincia,</strong></span> <span class='ocrx_word' id='word_1_83' title='bbox 206 1228 293 1300; x_wconf 92' lang='lat' dir='ltr'><strong>quam</strong></span> <span class='ocrx_word' id='word_1_84' title='bbox 311 1212 337 1271; x_wconf 92' lang='lat' dir='ltr'><strong>is</strong></span> <span class='ocrx_word' id='word_1_85' title='bbox 356 1210 499 1291; x_wconf 85' lang='lat' dir='ltr'><strong>dedisset,</strong></span> <span class='ocrx_word' id='word_1_86' title='bbox 528 1212 637 1289; x_wconf 90' lang='lat' dir='ltr'><strong>arceri,</strong></span> <span class='ocrx_word' id='word_1_87' title='bbox 661 1228 719 1270; x_wconf 94' lang='lat' dir='ltr'><strong>non</strong></span> <span class='ocrx_word' id='word_1_88' title='bbox 743 1228 759 1270; x_wconf 92' lang='lat' dir='ltr'><strong>a</strong></span> <span class='ocrx_word' id='word_1_89' title='bbox 782 1209 948 1287; x_wconf 84' lang='lat' dir='ltr'><strong>legionibus</strong></span> <span class='ocrx_word' id='word_1_90' title='bbox 967 1204 1085 1293; x_wconf 87' lang='lat' dir='ltr'><strong>(earum</strong></span> 
     </span>
     <span class='ocr_line' id='line_1_13' title="bbox 73 1283 1084 1400; baseline 0 -42"><span class='ocrx_word' id='word_1_91' title='bbox 73 1301 183 1377; x_wconf 91' lang='lat' dir='ltr'><strong>quippe</strong></span> <span class='ocrx_word' id='word_1_92' title='bbox 207 1298 308 1359; x_wconf 89' lang='lat' dir='ltr'><strong>accitu</strong></span> <span class='ocrx_word' id='word_1_93' title='bbox 328 1283 453 1380; x_wconf 88' lang='lat' dir='ltr'><strong>venire),</strong></span> <span class='ocrx_word' id='word_1_94' title='bbox 476 1296 569 1359; x_wconf 89' lang='lat' dir='ltr'><strong>seda</strong></span> <span class='ocrx_word' id='word_1_95' title='bbox 583 1296 694 1358; x_wconf 75' lang='lat' dir='ltr'><strong>Sentio</strong></span> <span class='ocrx_word' id='word_1_96' title='bbox 708 1299 856 1400; x_wconf 69' lang='lat' dir='ltr'><strong>privatum</strong></span> <span class='ocrx_word' id='word_1_97' title='bbox 880 1298 981 1359; x_wconf 88' lang='lat' dir='ltr'><strong>odium</strong></span> <span class='ocrx_word' id='word_1_98' title='bbox 1004 1299 1084 1359; x_wconf 89' lang='lat' dir='ltr'><strong>lalsis</strong></span> 
     </span>
     <span class='ocr_line' id='line_1_14' title="bbox 73 1385 1085 1466; baseline 0.002 -21"><span class='ocrx_word' id='word_1_99' title='bbox 73 1385 249 1446; x_wconf 90' lang='lat' dir='ltr'><strong>criminibus</strong></span> <span class='ocrx_word' id='word_1_100' title='bbox 263 1394 390 1464; x_wconf 91' lang='lat' dir='ltr'><strong>tegente.</strong></span> <span class='ocrx_word' id='word_1_101' title='bbox 418 1388 637 1447; x_wconf 87' lang='lat' dir='ltr'><strong>consisterent&#39;</strong></span> <span class='ocrx_word' id='word_1_102' title='bbox 630 1404 661 1445; x_wconf 89' lang='lat' dir='ltr'><strong>rn</strong></span> <span class='ocrx_word' id='word_1_103' title='bbox 675 1388 750 1466; x_wconf 89' lang='lat' dir='ltr'><strong>acie,</strong></span> <span class='ocrx_word' id='word_1_104' title='bbox 769 1404 829 1446; x_wconf 93' lang='lat' dir='ltr'><strong>non</strong></span> <span class='ocrx_word' id='word_1_105' title='bbox 842 1389 1019 1465; x_wconf 84' lang='lat' dir='ltr'><strong>pugnaturis</strong></span> <span class='ocrx_word' id='word_1_106' title='bbox 1032 1389 1085 1447; x_wconf 92' lang='lat' dir='ltr'><strong>mi·</strong></span> 
     </span>
     <span class='ocr_line' id='line_1_15' title="bbox 74 1473 1125 1555; baseline 0.002 -23"><span class='ocrx_word' id='word_1_107' title='bbox 74 1473 185 1553; x_wconf 86' lang='lat' dir='ltr'><strong>litibus,</strong></span> <span class='ocrx_word' id='word_1_108' title='bbox 207 1474 259 1534; x_wconf 91' lang='lat' dir='ltr'><strong>ubi</strong></span> <span class='ocrx_word' id='word_1_109' title='bbox 273 1473 412 1534; x_wconf 91' lang='lat' dir='ltr'><strong>Pisonem</strong></span> <span class='ocrx_word' id='word_1_110' title='bbox 426 1473 485 1534; x_wconf 92' lang='lat' dir='ltr'><strong>ab</strong></span> <span class='ocrx_word' id='word_1_111' title='bbox 477 1476 550 1552; x_wconf 80' lang='lat' dir='ltr'><strong>ipsis</strong></span> <span class='ocrx_word' id='word_1_112' title='bbox 568 1481 722 1552; x_wconf 91' lang='lat' dir='ltr'><strong>parentem</strong></span> <span class='ocrx_word' id='word_1_113' title='bbox 737 1473 884 1552; x_wconf 91' lang='lat' dir='ltr'><strong>quondam</strong></span> <span class='ocrx_word' id='word_1_114' title='bbox 898 1474 1085 1555; x_wconf 88' lang='lat' dir='ltr'><strong>appellatum,</strong></span> <span class='ocrx_word' id='word_1_115' title='bbox 1100 1486 1125 1526; x_wconf 90' lang='lat'><strong>10</strong></span> 
     </span>
     <span class='ocr_line' id='line_1_16' title="bbox 75 1561 1085 1642; baseline 0 -21"><span class='ocrx_word' id='word_1_116' title='bbox 75 1564 102 1622; x_wconf 91' lang='lat' dir='ltr'><strong>si</strong></span> <span class='ocrx_word' id='word_1_117' title='bbox 115 1563 181 1622; x_wconf 87' lang='lat' dir='ltr'><strong>iure</strong></span> <span class='ocrx_word' id='word_1_118' title='bbox 196 1570 341 1641; x_wconf 88' lang='lat' dir='ltr'><strong>ageretur,</strong></span> <span class='ocrx_word' id='word_1_119' title='bbox 356 1564 511 1642; x_wconf 91' lang='lat' dir='ltr'><strong>potiorem,</strong></span> <span class='ocrx_word' id='word_1_120' title='bbox 526 1564 552 1622; x_wconf 92' lang='lat' dir='ltr'><strong>si</strong></span> <span class='ocrx_word' id='word_1_121' title='bbox 566 1563 664 1641; x_wconf 92' lang='lat' dir='ltr'><strong>armis,</strong></span> <span class='ocrx_word' id='word_1_122' title='bbox 685 1579 745 1621; x_wconf 93' lang='lat' dir='ltr'><strong>non</strong></span> <span class='ocrx_word' id='word_1_123' title='bbox 759 1561 920 1622; x_wconf 86' lang='lat' dir='ltr'><strong>invalidum</strong></span> <span class='ocrx_word' id='word_1_124' title='bbox 934 1562 1085 1622; x_wconf 88' lang='lat' dir='ltr'><strong>vidissent.</strong></span> 
     </span>
     <span class='ocr_line' id='line_1_17' title="bbox 75 1649 1085 1730; baseline 0 -20"><span class='ocrx_word' id='word_1_125' title='bbox 75 1659 139 1711; x_wconf 91' lang='lat' dir='ltr'><strong>tum</strong></span> <span class='ocrx_word' id='word_1_126' title='bbox 157 1668 212 1728; x_wconf 92' lang='lat' dir='ltr'><strong>pro</strong></span> <span class='ocrx_word' id='word_1_127' title='bbox 231 1652 423 1710; x_wconf 91' lang='lat' dir='ltr'><strong>munimentis</strong></span> <span class='ocrx_word' id='word_1_128' title='bbox 438 1649 550 1712; x_wconf 89' lang='lat' dir='ltr'><strong>castelli</strong></span> <span class='ocrx_word' id='word_1_129' title='bbox 563 1649 729 1727; x_wconf 92' lang='lat' dir='ltr'><strong>manipulos</strong></span> <span class='ocrx_word' id='word_1_130' title='bbox 744 1649 879 1730; x_wconf 82' lang='lat' dir='ltr'><strong>explicat,</strong></span> <span class='ocrx_word' id='word_1_131' title='bbox 899 1649 973 1710; x_wconf 89' lang='lat' dir='ltr'><strong>colle</strong></span> <span class='ocrx_word' id='word_1_132' title='bbox 993 1650 1085 1710; x_wconf 90' lang='lat' dir='ltr'><strong>arduo</strong></span> 
     </span>
     <span class='ocr_line' id='line_1_18' title="bbox 75 1739 1086 1819; baseline -0.001 -20"><span class='ocrx_word' id='word_1_133' title='bbox 75 1746 105 1799; x_wconf 93' lang='lat' dir='ltr'><strong>et</strong></span> <span class='ocrx_word' id='word_1_134' title='bbox 119 1739 260 1819; x_wconf 83' lang='lat' dir='ltr'><strong>derupt03</strong></span> <span class='ocrx_word' id='word_1_135' title='bbox 281 1756 348 1798; x_wconf 89' lang='lat' dir='ltr'><strong>nam</strong></span> <span class='ocrx_word' id='word_1_136' title='bbox 368 1745 466 1799; x_wconf 88' lang='lat' dir='ltr'><strong>cetera</strong></span> <span class='ocrx_word' id='word_1_137' title='bbox 484 1739 559 1799; x_wconf 91' lang='lat' dir='ltr'><strong>mari</strong></span> <span class='ocrx_word' id='word_1_138' title='bbox 573 1740 742 1816; x_wconf 89' lang='lat' dir='ltr'><strong>cinguntur.</strong></span> <span class='ocrx_word' id='word_1_139' title='bbox 777 1747 880 1798; x_wconf 90' lang='lat' dir='ltr'><strong>contra</strong></span> <span class='ocrx_word' id='word_1_140' title='bbox 893 1741 1026 1798; x_wconf 85' lang='lat' dir='ltr'><strong>veterani</strong></span> <span class='ocrx_word' id='word_1_141' title='bbox 1040 1757 1086 1798; x_wconf 91' lang='lat' dir='ltr'><strong>or·</strong></span> 
     </span>
     <span class='ocr_line' id='line_1_19' title="bbox 75 1825 1087 1907; baseline -0.001 -20"><span class='ocrx_word' id='word_1_142' title='bbox 75 1827 195 1888; x_wconf 90' lang='lat' dir='ltr'><strong>dinibus</strong></span> <span class='ocrx_word' id='word_1_143' title='bbox 214 1845 248 1887; x_wconf 93' lang='lat' dir='ltr'><strong>ac</strong></span> <span class='ocrx_word' id='word_1_144' title='bbox 267 1826 408 1887; x_wconf 92' lang='lat' dir='ltr'><strong>subsidiis</strong></span> <span class='ocrx_word' id='word_1_145' title='bbox 432 1829 584 1888; x_wconf 89' lang='lat' dir='ltr'><strong>instructi:</strong></span> <span class='ocrx_word' id='word_1_146' title='bbox 608 1827 678 1888; x_wconf 92' lang='lat' dir='ltr'><strong>hinc</strong></span> <span class='ocrx_word' id='word_1_147' title='bbox 701 1825 842 1907; x_wconf 89' lang='lat' dir='ltr'><strong>militum,</strong></span> <span class='ocrx_word' id='word_1_148' title='bbox 865 1826 934 1887; x_wconf 92' lang='lat' dir='ltr'><strong>inde</strong></span> <span class='ocrx_word' id='word_1_149' title='bbox 953 1826 1087 1888; x_wconf 90' lang='lat' dir='ltr'><strong>locorum</strong></span> 
     </span>
     <span class='ocr_line' id='line_1_20' title="bbox 45 1915 1127 1996; baseline -0.003 -19"><span class='ocrx_word' id='word_1_150' title='bbox 45 1932 48 1935; x_wconf 85' lang='lat'>·</span> <span class='ocrx_word' id='word_1_151' title='bbox 74 1918 227 1996; x_wconf 86' lang='lat' dir='ltr'><strong>asperitas,</strong></span> <span class='ocrx_word' id='word_1_152' title='bbox 251 1915 303 1976; x_wconf 91' lang='lat' dir='ltr'><strong>sed</strong></span> <span class='ocrx_word' id='word_1_153' title='bbox 327 1933 385 1975; x_wconf 95' lang='lat' dir='ltr'><strong>non</strong></span> <span class='ocrx_word' id='word_1_154' title='bbox 408 1919 536 1995; x_wconf 88' lang='lat' dir='ltr'><strong>animus,</strong></span> <span class='ocrx_word' id='word_1_155' title='bbox 560 1933 619 1976; x_wconf 93' lang='lat' dir='ltr'><strong>non</strong></span> <span class='ocrx_word' id='word_1_156' title='bbox 638 1933 719 1995; x_wconf 90' lang='lat' dir='ltr'><strong>spes,</strong></span> <span class='ocrx_word' id='word_1_157' title='bbox 743 1933 781 1976; x_wconf 92' lang='lat' dir='ltr'><strong>ne</strong></span> <span class='ocrx_word' id='word_1_158' title='bbox 804 1915 862 1976; x_wconf 88' lang='lat' dir='ltr'><strong>tela</strong></span> <span class='ocrx_word' id='word_1_159' title='bbox 885 1915 1005 1994; x_wconf 89' lang='lat' dir='ltr'><strong>quidem</strong></span> <span class='ocrx_word' id='word_1_160' title='bbox 1028 1916 1127 1975; x_wconf 79' lang='lat' dir='ltr'><strong>nisi15</strong></span> 
     </span>
     <span class='ocr_line' id='line_1_21' title="bbox 74 2003 1087 2083; baseline -0.003 -17"><span class='ocrx_word' id='word_1_161' title='bbox 74 2007 203 2083; x_wconf 88' lang='lat' dir='ltr'><strong>agrestia</strong></span> <span class='ocrx_word' id='word_1_162' title='bbox 226 2011 277 2064; x_wconf 90' lang='lat' dir='ltr'><strong>aut</strong></span> <span class='ocrx_word' id='word_1_163' title='bbox 295 2003 428 2065; x_wconf 90' lang='lat' dir='ltr'><strong>subitum</strong></span> <span class='ocrx_word' id='word_1_164' title='bbox 447 2009 479 2066; x_wconf 80' lang='lat' dir='ltr'><strong>io</strong></span> <span class='ocrx_word' id='word_1_165' title='bbox 498 2023 587 2065; x_wconf 91' lang='lat' dir='ltr'><strong>usum</strong></span> <span class='ocrx_word' id='word_1_166' title='bbox 605 2011 770 2081; x_wconf 89' lang='lat' dir='ltr'><strong>properata.</strong></span> <span class='ocrx_word' id='word_1_167' title='bbox 799 2011 833 2064; x_wconf 91' lang='lat' dir='ltr'><strong>ut</strong></span> <span class='ocrx_word' id='word_1_168' title='bbox 852 2022 960 2065; x_wconf 88' lang='lat' dir='ltr'><strong>venere</strong></span> <span class='ocrx_word' id='word_1_169' title='bbox 979 2007 1010 2063; x_wconf 95' lang='lat' dir='ltr'><strong>in</strong></span> <span class='ocrx_word' id='word_1_170' title='bbox 1029 2022 1087 2064; x_wconf 92' lang='lat' dir='ltr'><strong>ma-</strong></span> 
     </span>
     <span class='ocr_line' id='line_1_22' title="bbox 75 2091 1087 2175; baseline -0.002 -22"><span class='ocrx_word' id='word_1_171' title='bbox 75 2111 141 2173; x_wconf 93' lang='lat' dir='ltr'><strong>nus,</strong></span> <span class='ocrx_word' id='word_1_172' title='bbox 159 2111 219 2153; x_wconf 93' lang='lat' dir='ltr'><strong>non</strong></span> <span class='ocrx_word' id='word_1_173' title='bbox 239 2093 316 2153; x_wconf 91' lang='lat' dir='ltr'><strong>ultra</strong></span> <span class='ocrx_word' id='word_1_174' title='bbox 335 2092 510 2175; x_wconf 90' lang='lat' dir='ltr'><strong>dubitatum,</strong></span> <span class='ocrx_word' id='word_1_175' title='bbox 535 2111 624 2172; x_wconf 89' lang='lat' dir='ltr'><strong>quam</strong></span> <span class='ocrx_word' id='word_1_176' title='bbox 642 2093 713 2153; x_wconf 91' lang='lat' dir='ltr'><strong>dum</strong></span> <span class='ocrx_word' id='word_1_177' title='bbox 732 2092 880 2153; x_wconf 85' lang='lat' dir='ltr'><strong>Romanae</strong></span> <span class='ocrx_word' id='word_1_178' title='bbox 898 2091 1037 2153; x_wconf 90' lang='lat' dir='ltr'><strong>cobortes</strong></span> <span class='ocrx_word' id='word_1_179' title='bbox 1056 2095 1087 2151; x_wconf 94' lang='lat' dir='ltr'><strong>in</strong></span> 
     </span>
     <span class='ocr_line' id='line_1_23' title="bbox 75 2179 1086 2260; baseline -0.003 -17"><span class='ocrx_word' id='word_1_180' title='bbox 75 2200 203 2259; x_wconf 89' lang='lat' dir='ltr'><strong>aequum</strong></span> <span class='ocrx_word' id='word_1_181' title='bbox 228 2183 427 2243; x_wconf 90' lang='lat' dir='ltr'><strong>eniterentur:</strong></span> <span class='ocrx_word' id='word_1_182' title='bbox 456 2189 576 2242; x_wconf 86' lang='lat' dir='ltr'><strong>vertunt</strong></span> <span class='ocrx_word' id='word_1_183' title='bbox 603 2188 686 2259; x_wconf 84' lang='lat' dir='ltr'><strong>terga</strong></span> <span class='ocrx_word' id='word_1_184' title='bbox 714 2179 820 2241; x_wconf 86' lang='lat' dir='ltr'><strong>Cilices</strong></span> <span class='ocrx_word' id='word_1_185' title='bbox 848 2199 939 2260; x_wconf 91' lang='lat' dir='ltr'><strong>seque</strong></span> <span class='ocrx_word' id='word_1_186' title='bbox 967 2180 1086 2242; x_wconf 84' lang='lat' dir='ltr'><strong>castello</strong></span> 
     </span>
     <span class='ocr_line' id='line_1_24' title="bbox 76 2269 225 2330; baseline 0.007 -1"><span class='ocrx_word' id='word_1_187' title='bbox 76 2269 225 2330; x_wconf 89' lang='lat' dir='ltr'><strong>claudunt.</strong></span> 
     </span>
    </p>

    <p class='ocr_par' dir='ltr' id='par_1_4' title="bbox 75 2357 1113 3146">
     <span class='ocr_line' id='line_1_25' title="bbox 143 2357 1086 2436; baseline -0.003 -16"><span class='ocrx_word' id='word_1_188' title='bbox 143 2357 194 2420; x_wconf 87' lang='grc'><strong>81.</strong></span> <span class='ocrx_word' id='word_1_189' title='bbox 217 2357 339 2419; x_wconf 89' lang='lat' dir='ltr'><strong>Interim</strong></span> <span class='ocrx_word' id='word_1_190' title='bbox 358 2358 426 2430; x_wconf 81' lang='lat' dir='ltr'><strong>Piso</strong></span> <span class='ocrx_word' id='word_1_191' title='bbox 448 2358 571 2419; x_wconf 88' lang='lat' dir='ltr'><strong>classem</strong></span> <span class='ocrx_word' id='word_1_192' title='bbox 589 2357 669 2419; x_wconf 90' lang='lat' dir='ltr'><strong>haud</strong></span> <span class='ocrx_word' id='word_1_193' title='bbox 688 2357 792 2435; x_wconf 91' lang='lat' dir='ltr'><strong>procul</strong></span> <span class='ocrx_word' id='word_1_194' title='bbox 812 2360 1017 2436; x_wconf 89' lang='lat' dir='ltr'><strong>opperientem</strong></span> <span class='ocrx_word' id='word_1_195' title='bbox 1038 2357 1086 2417; x_wconf 93' lang='lat' dir='ltr'><strong>ad-</strong></span> 
     </span>
     <span class='ocr_line' id='line_1_26' title="bbox 76 2441 1086 2527; baseline -0.001 -20"><span class='ocrx_word' id='word_1_196' title='bbox 76 2441 208 2525; x_wconf 67' lang='lat' dir='ltr'><strong>pugnare</strong></span> <span class='ocrx_word' id='word_1_197' title='bbox 223 2448 334 2508; x_wconf 82' lang='lat' dir='ltr'><strong>trustra</strong></span> <span class='ocrx_word' id='word_1_198' title='bbox 348 2449 514 2527; x_wconf 78' lang='lat' dir='ltr'><strong>temptavit3</strong></span> <span class='ocrx_word' id='word_1_199' title='bbox 536 2464 750 2525; x_wconf 86' lang='lat' dir='ltr'><strong>regressusque</strong></span> <span class='ocrx_word' id='word_1_200' title='bbox 766 2453 795 2506; x_wconf 90' lang='lat' dir='ltr'><strong>et</strong></span> <span class='ocrx_word' id='word_1_201' title='bbox 809 2465 863 2524; x_wconf 93' lang='lat' dir='ltr'><strong>pro</strong></span> <span class='ocrx_word' id='word_1_202' title='bbox 877 2449 981 2526; x_wconf 91' lang='lat' dir='ltr'><strong>muris,</strong></span> <span class='ocrx_word' id='word_1_203' title='bbox 999 2446 1086 2506; x_wconf 91' lang='lat' dir='ltr'><strong>modo</strong></span> 
     </span>
     <span class='ocr_line' id='line_1_27' title="bbox 77 2535 1087 2615; baseline -0.002 -20"><span class='ocrx_word' id='word_1_204' title='bbox 77 2543 171 2596; x_wconf 89' lang='lat' dir='ltr'><strong>semet</strong></span> <span class='ocrx_word' id='word_1_205' title='bbox 185 2535 370 2615; x_wconf 88' lang='lat' dir='ltr'><strong>adilictando,</strong></span> <span class='ocrx_word' id='word_1_206' title='bbox 388 2535 476 2595; x_wconf 93' lang='lat' dir='ltr'><strong>modo</strong></span> <span class='ocrx_word' id='word_1_207' title='bbox 490 2535 623 2613; x_wconf 88' lang='lat' dir='ltr'><strong>singulos</strong></span> <span class='ocrx_word' id='word_1_208' title='bbox 637 2537 755 2594; x_wconf 91' lang='lat' dir='ltr'><strong>nomine</strong></span> <span class='ocrx_word' id='word_1_209' title='bbox 775 2536 866 2614; x_wconf 87' lang='lat' dir='ltr'><strong>ciens,</strong></span> <span class='ocrx_word' id='word_1_210' title='bbox 885 2536 1024 2613; x_wconf 90' lang='lat' dir='ltr'><strong>praemiis</strong></span> <span class='ocrx_word' id='word_1_211' title='bbox 1039 2552 1087 2593; x_wconf 86' lang='lat' dir='ltr'><strong>vo·</strong></span> 
     </span>
     <span class='ocr_line' id='line_1_28' title="bbox 76 2622 1088 2703; baseline -0.003 -20"><span class='ocrx_word' id='word_1_212' title='bbox 76 2642 157 2703; x_wconf 87' lang='lat' dir='ltr'><strong>cans,</strong></span> <span class='ocrx_word' id='word_1_213' title='bbox 172 2623 348 2683; x_wconf 90' lang='lat' dir='ltr'><strong>seditionem</strong></span> <span class='ocrx_word' id='word_1_214' title='bbox 363 2622 526 2703; x_wconf 90' lang='lat' dir='ltr'><strong>coeptabat,</strong></span> <span class='ocrx_word' id='word_1_215' title='bbox 548 2623 681 2701; x_wconf 91' lang='lat' dir='ltr'><strong>adeoque</strong></span> <span class='ocrx_word' id='word_1_216' title='bbox 696 2630 902 2703; x_wconf 90' lang='lat' dir='ltr'><strong>commoverat,</strong></span> <span class='ocrx_word' id='word_1_217' title='bbox 917 2631 951 2683; x_wconf 91' lang='lat' dir='ltr'><strong>ut</strong></span> <span class='ocrx_word' id='word_1_218' title='bbox 965 2622 1088 2700; x_wconf 89' lang='lat' dir='ltr'><strong>signiler</strong></span> 
     </span>
     <span class='ocr_line' id='line_1_29' title="bbox 76 2710 1113 2788; baseline 0 -17"><span class='ocrx_word' id='word_1_219' title='bbox 76 2713 203 2788; x_wconf 88' lang='lat' dir='ltr'><strong>legionis</strong></span> <span class='ocrx_word' id='word_1_220' title='bbox 227 2720 326 2770; x_wconf 84' lang='lat' dir='ltr'><strong>sextae</strong></span> <span class='ocrx_word' id='word_1_221' title='bbox 350 2711 525 2788; x_wconf 91' lang='lat' dir='ltr'><strong>signumad</strong></span> <span class='ocrx_word' id='word_1_222' title='bbox 550 2729 618 2771; x_wconf 91' lang='lat' dir='ltr'><strong>eum</strong></span> <span class='ocrx_word' id='word_1_223' title='bbox 641 2711 835 2772; x_wconf 89' lang='lat' dir='ltr'><strong>transtulerit.</strong></span> <span class='ocrx_word' id='word_1_224' title='bbox 877 2718 941 2771; x_wconf 93' lang='lat' dir='ltr'><strong>tum</strong></span> <span class='ocrx_word' id='word_1_225' title='bbox 966 2710 1113 2771; x_wconf 84' lang='lat' dir='ltr'><strong>Sentius⁵</strong></span> 
     </span>
     <span class='ocr_line' id='line_1_30' title="bbox 77 2797 1086 2880; baseline 0.001 -21"><span class='ocrx_word' id='word_1_226' title='bbox 77 2816 222 2859; x_wconf 88' lang='lat' dir='ltr'><strong>occanere</strong></span> <span class='ocrx_word' id='word_1_227' title='bbox 237 2816 347 2858; x_wconf 87' lang='lat' dir='ltr'><strong>cornua</strong></span> <span class='ocrx_word' id='word_1_228' title='bbox 361 2797 506 2877; x_wconf 88' lang='lat' dir='ltr'><strong>tubasque</strong></span> <span class='ocrx_word' id='word_1_229' title='bbox 525 2806 555 2859; x_wconf 89' lang='lat' dir='ltr'><strong>et</strong></span> <span class='ocrx_word' id='word_1_230' title='bbox 573 2801 635 2877; x_wconf 92' lang='lat' dir='ltr'><strong>peti</strong></span> <span class='ocrx_word' id='word_1_231' title='bbox 653 2817 799 2880; x_wconf 81' lang='lat' dir='ltr'><strong>aggerem,</strong></span> <span class='ocrx_word' id='word_1_232' title='bbox 821 2800 895 2878; x_wconf 86' lang='lat' dir='ltr'><strong>erigi</strong></span> <span class='ocrx_word' id='word_1_233' title='bbox 915 2799 1008 2860; x_wconf 85' lang='lat' dir='ltr'><strong>scalas</strong></span> <span class='ocrx_word' id='word_1_234' title='bbox 1027 2803 1086 2860; x_wconf 88' lang='lat' dir='ltr'><strong>ius·</strong></span> 
     </span>
     <span class='ocr_line' id='line_1_31' title="bbox 77 2887 1086 2968; baseline 0 -20"><span class='ocrx_word' id='word_1_235' title='bbox 77 2890 130 2967; x_wconf 95' lang='lat' dir='ltr'><strong>sit,</strong></span> <span class='ocrx_word' id='word_1_236' title='bbox 149 2905 183 2947; x_wconf 91' lang='lat' dir='ltr'><strong>ac</strong></span> <span class='ocrx_word' id='word_1_237' title='bbox 201 2889 455 2965; x_wconf 89' lang='lat' dir='ltr'><strong>promptissimum</strong></span> <span class='ocrx_word' id='word_1_238' title='bbox 474 2905 621 2967; x_wconf 89' lang='lat' dir='ltr'><strong>quemque</strong></span> <span class='ocrx_word' id='word_1_239' title='bbox 641 2888 814 2968; x_wconf 87' lang='lat' dir='ltr'><strong>succedere,</strong></span> <span class='ocrx_word' id='word_1_240' title='bbox 838 2887 910 2948; x_wconf 90' lang='lat' dir='ltr'><strong>alios</strong></span> <span class='ocrx_word' id='word_1_241' title='bbox 929 2891 1086 2950; x_wconf 90' lang='lat' dir='ltr'><strong>tormentis</strong></span> 
     </span>
     <span class='ocr_line' id='line_1_32' title="bbox 75 2977 1086 3056; baseline -0.001 -19"><span class='ocrx_word' id='word_1_242' title='bbox 75 2977 177 3037; x_wconf 89' lang='lat' dir='ltr'><strong>hastas</strong></span> <span class='ocrx_word' id='word_1_243' title='bbox 196 2994 264 3036; x_wconf 86' lang='lat' dir='ltr'><strong>saxa</strong></span> <span class='ocrx_word' id='word_1_244' title='bbox 284 2983 314 3035; x_wconf 91' lang='lat' dir='ltr'><strong>et</strong></span> <span class='ocrx_word' id='word_1_245' title='bbox 333 2977 411 3036; x_wconf 91' lang='lat' dir='ltr'><strong>laces</strong></span> <span class='ocrx_word' id='word_1_246' title='bbox 429 2979 573 3056; x_wconf 88' lang='lat' dir='ltr'><strong>ingerere.</strong></span> <span class='ocrx_word' id='word_1_247' title='bbox 606 2977 724 3037; x_wconf 89' lang='lat' dir='ltr'><strong>tandem</strong></span> <span class='ocrx_word' id='word_1_248' title='bbox 742 2979 820 3037; x_wconf 83' lang='lat' dir='ltr'><strong>victa</strong></span> <span class='ocrx_word' id='word_1_249' title='bbox 837 2980 1001 3055; x_wconf 88' lang='lat' dir='ltr'><strong>pertinacia</strong></span> <span class='ocrx_word' id='word_1_250' title='bbox 1020 2977 1086 3036; x_wconf 92' lang='lat' dir='ltr'><strong>Piso</strong></span> 
     </span>
     <span class='ocr_line' id='line_1_33' title="bbox 75 3064 1088 3146; baseline -0.004 -19"><span class='ocrx_word' id='word_1_251' title='bbox 75 3067 180 3146; x_wconf 88' lang='lat' dir='ltr'><strong>oravit,</strong></span> <span class='ocrx_word' id='word_1_252' title='bbox 195 3072 228 3125; x_wconf 90' lang='lat' dir='ltr'><strong>ut</strong></span> <span class='ocrx_word' id='word_1_253' title='bbox 242 3064 358 3125; x_wconf 92' lang='lat' dir='ltr'><strong>traditis</strong></span> <span class='ocrx_word' id='word_1_254' title='bbox 373 3067 463 3126; x_wconf 92' lang='lat' dir='ltr'><strong>armis</strong></span> <span class='ocrx_word' id='word_1_255' title='bbox 476 3072 609 3126; x_wconf 91' lang='lat' dir='ltr'><strong>maneret</strong></span> <span class='ocrx_word' id='word_1_256' title='bbox 623 3068 655 3126; x_wconf 93' lang='lat' dir='ltr'><strong>in</strong></span> <span class='ocrx_word' id='word_1_257' title='bbox 669 3065 799 3146; x_wconf 89' lang='lat' dir='ltr'><strong>castello,</strong></span> <span class='ocrx_word' id='word_1_258' title='bbox 818 3065 889 3126; x_wconf 90' lang='lat' dir='ltr'><strong>dum</strong></span> <span class='ocrx_word' id='word_1_259' title='bbox 904 3065 1019 3145; x_wconf 87' lang='lat' dir='ltr'><strong>Caesar,</strong></span> <span class='ocrx_word' id='word_1_260' title='bbox 1039 3066 1088 3125; x_wconf 89' lang='lat' dir='ltr'><strong>cui</strong></span> 
     </span>
    </p>
   </div>
   <div class='ocr_carea' id='block_1_3' title="bbox 75 3232 1090 3592">
    <p class='ocr_par' dir='ltr' id='par_1_5' title="bbox 75 3232 1090 3592">
     <span class='ocr_line' id='line_1_34' title="bbox 148 3232 1088 3306; baseline -0.005 -16"><span class='ocrx_word' id='word_1_261' title='bbox 148 3234 386 3303; x_wconf 77' lang='lat' dir='ltr'><strong>80‚30e1eneris</strong></span> <span class='ocrx_word' id='word_1_262' title='bbox 411 3239 416 3305; x_wconf 91' lang='grc'>1</span> <span class='ocrx_word' id='word_1_263' title='bbox 442 3235 659 3306; x_wconf 77' lang='lat' dir='ltr'><strong>ssprouinciam,</strong></span> <span class='ocrx_word' id='word_1_264' title='bbox 688 3253 735 3291; x_wconf 86' lang='lat' dir='ltr'><strong>em.</strong></span> <span class='ocrx_word' id='word_1_265' title='bbox 754 3236 906 3292; x_wconf 79' lang='lat' dir='ltr'><strong>Rbeoacus</strong></span> <span class='ocrx_word' id='word_1_266' title='bbox 931 3238 935 3302; x_wconf 85' lang='grc' dir='ltr'>Ι</span> <span class='ocrx_word' id='word_1_267' title='bbox 963 3240 995 3288; x_wconf 86' lang='grc'><strong>14</strong></span> <span class='ocrx_word' id='word_1_268' title='bbox 1022 3232 1088 3286; x_wconf 91' lang='lat' dir='ltr'><strong>hinc</strong></span> 
     </span>
     <span class='ocr_line' id='line_1_35' title="bbox 75 3304 1089 3370; baseline -0.004 -10"><span class='ocrx_word' id='word_1_269' title='bbox 75 3305 200 3360; x_wconf 79' lang='lat' dir='ltr'><strong>militum</strong></span> <span class='ocrx_word' id='word_1_270' title='bbox 213 3306 256 3360; x_wconf 81' lang='lat' dir='ltr'><strong>vis</strong></span> <span class='ocrx_word' id='word_1_271' title='bbox 271 3307 406 3370; x_wconf 80' lang='lat' dir='ltr'><strong>Muretus,</strong></span> <span class='ocrx_word' id='word_1_272' title='bbox 424 3308 452 3363; x_wconf 89' lang='lat' dir='ltr'><strong>h.</strong></span> <span class='ocrx_word' id='word_1_273' title='bbox 471 3308 559 3361; x_wconf 83' lang='lat' dir='ltr'><strong>virtus</strong></span> <span class='ocrx_word' id='word_1_274' title='bbox 578 3306 702 3360; x_wconf 82' lang='lat' dir='ltr'><strong>militum</strong></span> <span class='ocrx_word' id='word_1_275' title='bbox 717 3306 827 3370; x_wconf 81' lang='lat' dir='ltr'><strong>Ritteri</strong></span> <span class='ocrx_word' id='word_1_276' title='bbox 846 3314 878 3361; x_wconf 81' lang='lat'><strong>16</strong></span> <span class='ocrx_word' id='word_1_277' title='bbox 897 3307 947 3360; x_wconf 80' lang='lat' dir='ltr'><strong>cut</strong></span> <span class='ocrx_word' id='word_1_278' title='bbox 964 3304 1089 3358; x_wconf 82' lang='lat' dir='ltr'><strong>subitum</strong></span> 
     </span>
     <span class='ocr_line' id='line_1_36' title="bbox 75 3375 1090 3445; baseline -0.003 -15"><span class='ocrx_word' id='word_1_279' title='bbox 75 3376 276 3432; x_wconf 79' lang='lat' dir='ltr'><strong>inDdderleitc:</strong></span> <span class='ocrx_word' id='word_1_280' title='bbox 296 3379 346 3430; x_wconf 80' lang='lat' dir='ltr'><strong>aui</strong></span> <span class='ocrx_word' id='word_1_281' title='bbox 360 3377 484 3431; x_wconf 82' lang='lat' dir='ltr'><strong>subitum</strong></span> <span class='ocrx_word' id='word_1_282' title='bbox 502 3381 563 3445; x_wconf 79' lang='lat' dir='ltr'><strong>(eut</strong></span> <span class='ocrx_word' id='word_1_283' title='bbox 577 3377 613 3430; x_wconf 89' lang='lat' dir='ltr'><strong>ad</strong></span> <span class='ocrx_word' id='word_1_284' title='bbox 628 3378 688 3433; x_wconf 84' lang='lat' dir='ltr'><strong>sub.</strong></span> <span class='ocrx_word' id='word_1_285' title='bbox 703 3378 900 3444; x_wconf 75' lang='lat' dir='ltr'><strong>Weissenborn,</strong></span> <span class='ocrx_word' id='word_1_286' title='bbox 919 3375 1090 3430; x_wconf 80' lang='lat' dir='ltr'><strong>adsubitum</strong></span> 
     </span>
     <span class='ocr_line' id='line_1_37' title="bbox 75 3446 1088 3522; baseline -0.003 -19"><span class='ocrx_word' id='word_1_287' title='bbox 75 3449 157 3519; x_wconf 75' lang='lat' dir='ltr'><strong>vulgo</strong></span> <span class='ocrx_word' id='word_1_288' title='bbox 173 3454 177 3510; x_wconf 88' lang='grc' dir='ltr'>Ι</span> <span class='ocrx_word' id='word_1_289' title='bbox 193 3447 239 3514; x_wconf 85' lang='grc'><strong>81,</strong></span> <span class='ocrx_word' id='word_1_290' title='bbox 254 3456 269 3502; x_wconf 80' lang='lat' dir='ltr'><strong>o</strong></span> <span class='ocrx_word' id='word_1_291' title='bbox 288 3447 410 3517; x_wconf 86' lang='lat' dir='ltr'><strong>legionis</strong></span> <span class='ocrx_word' id='word_1_292' title='bbox 428 3464 542 3522; x_wconf 85' lang='lat' dir='ltr'><strong>uocans</strong></span> <span class='ocrx_word' id='word_1_293' title='bbox 552 3450 647 3502; x_wconf 83' lang='lat' dir='ltr'><strong>sextae</strong></span> <span class='ocrx_word' id='word_1_294' title='bbox 663 3450 667 3517; x_wconf 91' lang='grc' dir='ltr'>Ι</span> <span class='ocrx_word' id='word_1_295' title='bbox 684 3453 700 3502; x_wconf 91' lang='grc'><strong>8</strong></span> <span class='ocrx_word' id='word_1_296' title='bbox 718 3448 815 3502; x_wconf 80' lang='lat' dir='ltr'><strong>hastas</strong></span> <span class='ocrx_word' id='word_1_297' title='bbox 835 3448 865 3500; x_wconf 86' lang='lat' dir='ltr'><strong>et</strong></span> <span class='ocrx_word' id='word_1_298' title='bbox 882 3463 949 3502; x_wconf 81' lang='lat' dir='ltr'><strong>saxe</strong></span> <span class='ocrx_word' id='word_1_299' title='bbox 967 3448 997 3500; x_wconf 83' lang='lat' dir='ltr'><strong>et</strong></span> <span class='ocrx_word' id='word_1_300' title='bbox 1013 3446 1088 3500; x_wconf 83' lang='lat' dir='ltr'><strong>faces</strong></span> 
     </span>
     <span class='ocr_line' id='line_1_38' title="bbox 75 3500 1090 3592; baseline -0.003 -18"><span class='ocrx_word' id='word_1_301' title='bbox 75 3520 117 3574; x_wconf 82' lang='lat' dir='ltr'><strong>vel</strong></span> <span class='ocrx_word' id='word_1_302' title='bbox 139 3517 237 3572; x_wconf 78' lang='lat' dir='ltr'><strong>hastan</strong></span> <span class='ocrx_word' id='word_1_303' title='bbox 260 3534 329 3578; x_wconf 77' lang='lat' dir='ltr'><strong>sane</strong></span> <span class='ocrx_word' id='word_1_304' title='bbox 351 3518 426 3573; x_wconf 83' lang='lat' dir='ltr'><strong>faces</strong></span> <span class='ocrx_word' id='word_1_305' title='bbox 451 3500 611 3592; x_wconf 66' lang='lat' dir='ltr'><strong>Wesenberg</strong></span> <span class='ocrx_word' id='word_1_306' title='bbox 630 3520 688 3574; x_wconf 83' lang='lat' dir='ltr'><strong>coll.</strong></span> <span class='ocrx_word' id='word_1_307' title='bbox 706 3523 733 3588; x_wconf 73' lang='lat'><strong>4,</strong></span> <span class='ocrx_word' id='word_1_308' title='bbox 752 3522 789 3572; x_wconf 80' lang='lat'><strong>49</strong></span> <span class='ocrx_word' id='word_1_309' title='bbox 807 3533 875 3570; x_wconf 80' lang='lat' dir='ltr'><strong>sexa</strong></span> <span class='ocrx_word' id='word_1_310' title='bbox 892 3517 1017 3572; x_wconf 79' lang='lat' dir='ltr'><strong>hastae</strong></span> <span class='ocrx_word' id='word_1_311' title='bbox 1008 3533 1090 3588; x_wconf 84' lang='lat' dir='ltr'><strong>1gnes</strong></span> 
     </span>
    </p>
   </div>
   <div class='ocr_carea' id='block_1_4' title="bbox 130 3612 876 3660">
    <p class='ocr_par' dir='ltr' id='par_1_6' title="bbox 130 3612 876 3660">
     <span class='ocr_line' id='line_1_39' title="bbox 130 3612 876 3660; baseline 0.003 -2"><span class='ocrx_word' id='word_1_312' title='bbox 130 3615 237 3659; x_wconf 66' lang='lat' dir='ltr'><strong>neom</strong></span> <span class='ocrx_word' id='word_1_313' title='bbox 249 3616 325 3659; x_wconf 75' lang='lat' dir='ltr'>PARS</span> <span class='ocrx_word' id='word_1_314' title='bbox 339 3618 359 3660; x_wconf 89' lang='lat'><strong>1.</strong></span> <span class='ocrx_word' id='word_1_315' title='bbox 860 3612 876 3660; x_wconf 83' lang='grc'>6</span> 
     </span>
    </p>
   </div>
   <div class='ocr_carea' id='block_1_5' title="bbox 0 0 1204 3876">
    <p class='ocr_par' dir='ltr' id='par_1_7' title="bbox 0 0 1204 3876">
     <span class='ocr_line' id='line_1_40' title="bbox 0 0 1204 3876; baseline 0 0"><span class='ocrx_word' id='word_1_316' title='bbox 0 0 1204 3876; x_wconf 95' lang='lat' dir='ltr'><strong> </strong></span> 
     </span>
    </p>
   </div>
  </div>
 </body>
</html>
