2392 3876
264 176 312 232 AB
330 177 492 233 EXOESSU
510 177 667 235 AUGUSTI
684 179 731 234 ΙΠ.
753 187 865 236 12-15.
1040 182 1082 246 91

69 329 235 408 Plancinae,
252 329 376 406 petitam
395 329 484 388 armis
503 344 568 388 rem
586 326 744 411 publicam,
763 337 856 409 utque
870 348 941 391 reus
955 331 1002 409 egi
1015 348 1083 409 pos·

70 418 335 498 setaoieviotum.
1095 433 1122 475 ιι

139 504 188 567 14.
209 505 347 566 Defensio
366 505 398 564 in
421 506 530 566 ceteris
550 504 722 586 trepidavit3
745 523 813 566 nam
827 525 925 586 neque
948 506 1083 568 ambitio·

70 612 138 656 nem
152 593 310 654 militarem
324 611 421 672 neque
440 595 622 672 provinciam
640 596 770 672 pessimo
789 597 898 674 cuique
917 595 1083 676 obnoxiam,

69 702 107 744 ne
121 682 316 745 contumelias
331 681 451 760 quidem
465 680 622 742 adversum
641 684 851 761 imperatorem
864 683 987 744 infitiari
1000 692 1083 763 pote·

70 780 131 835 rate
150 771 246 833 solum
264 772 371 832 veneni
385 771 499 831 crimen
512 772 594 831 visus
607 778 654 831 est
668 770 799 852 diluisse,
818 772 898 850 quod
912 790 950 832 ne
964 789 1083 833 accusa·

71 869 151 922 tores
171 859 290 939 quidem
312 861 383 919 satis
406 858 576 940 firmabant,
598 861 630 919 in
652 862 786 920 convivio
809 859 991 940 Germanici,
1015 875 1109 921 cuma

69 966 244 1027 supereum
259 947 327 1008 Piso
342 946 551 1028 discumberet,
568 947 696 1009 inlectos
710 948 847 1010 manibus
861 951 927 1010 eius
941 948 1027 1026 cibos⁴
1038 967 1084 1010 ar·

70 1035 205 1115 gdenti's.
233 1037 343 1116 quippe
362 1035 524 1097 absurdum
543 1035 699 1098 ridebatur
718 1039 797 1099 inter
810 1037 906 1099 aliena
920 1039 1040 1098 seruitia
1054 1045 1085 1097 et

71 1134 115 1186 tot
128 1125 308 1186 adstantium
322 1126 396 1204 risu,
410 1127 475 1203 ipso
490 1124 665 1186 Germanico
680 1143 789 1208 coram,
803 1126 834 1186 id
846 1143 967 1206 ausum;
981 1126 1084 1187 offere-

69 1214 179 1293 batque
194 1213 332 1275 familiam
346 1231 417 1274 reus
431 1221 462 1273 ct
475 1216 629 1274 ministros
642 1217 674 1274 in
688 1222 836 1275 tormenta
845 1214 1003 1294 flagitabat.
1031 1214 1084 1276 sed

69 1303 184 1364 iudices
199 1321 253 1380 per
266 1303 383 1363 diversa
397 1300 588 1379 inplacabiles
602 1309 699 1382 eraut,
717 1302 826 1364 Caesar
840 1302 878 1363 ob
891 1302 1002 1364 bellum
1016 1321 1084 1382 pro·
1098 1319 1125 1359 ιο

69 1394 183 1452 vinciae
201 1389 339 1469 inlatum,
358 1396 480 1451 senatus
498 1406 660 1468 numquam
678 1392 750 1450 satis
768 1390 882 1451 credito
896 1393 961 1451 sine
979 1391 1090 1452 fraude.

71 1478 280 1550 Germanicum
294 1478 441 1538 interisse.
469 1474 489 1520 *
503 1475 730 1556 *scripsissent
747 1478 983 1558 expostulantes,
1005 1479 1084 1558 quod

70 1566 150 1627 baud
165 1567 264 1626 minus
278 1564 417 1625 Tiberius
431 1582 520 1643 quam
533 1563 602 1626 Piso
617 1565 756 1627 abnuere.
789 1565 877 1626 amul
895 1567 998 1645 populi
1016 1574 1085 1628 ante

71 1656 186 1716 curiam
198 1671 286 1715 voces
300 1652 510 1715 audiebantur:
524 1671 584 1714 non
598 1662 817 1733 temperaturos
830 1654 980 1735 manibus,
995 1657 1021 1715 si
1035 1673 1084 1733 pa-

71 1753 152 1804 trum
175 1744 337 1803 sententias
361 1744 509 1803 evasisset.
547 1743 718 1823 effigiesque
740 1743 857 1804 Pisonis
879 1751 1032 1804 traxerant
1054 1746 1085 1803 in
1101 1757 1126 1800 ic

71 1833 228 1893 Gemonias
247 1848 281 1892 ac
299 1829 489 1910 divellebant,
513 1832 545 1891 ni
563 1833 648 1892 iussu
665 1834 811 1911 principis
828 1839 981 1912 protectae
1000 1850 1086 1910 repo·

71 1924 204 1999 sitaeque
223 1919 328 1980 forent
363 1920 455 1998 igitur
473 1919 585 1980 inditus
604 1920 727 1982 lecticae
746 1928 777 1981 et
795 1939 812 1980 a
830 1919 952 1981 tribuno
970 1928 1085 1998 praeto·

70 2012 132 2070 riae
151 2008 282 2070 cohortis
301 2008 447 2069 deductus
470 2015 529 2090 cst,
551 2011 633 2069 vario
656 2026 789 2089 rumore,
811 2017 914 2069 custos
938 2008 1026 2069 saluti
1048 2026 1085 2069 an

70 2099 176 2159 mortis
191 2104 311 2158 exactor
326 2104 512 2175 sequeretur.

140 2181 189 2247 15.
212 2184 324 2246 Eadem
340 2183 498 2246 Plancinae
520 2186 643 2266 invidia,
666 2187 761 2246 maior
778 2189 886 2267 gratia3
910 2205 1005 2266 coque
1025 2204 1085 2247 am-

70 2274 195 2352 biguum
212 2273 391 2354 habebatur,
417 2281 561 2352 quantum
578 2274 699 2336 Caesari
716 2277 748 2335 in
767 2292 832 2336 eam
849 2275 963 2336 liceret.
996 2283 1085 2354 atque

71 2365 148 2444 ipsa,
167 2362 261 2424 donec
275 2362 389 2423 mediae
403 2361 504 2423 Pisoni
523 2381 604 2444 spes,
624 2365 735 2424 mmam
744 2380 781 2424 se
795 2365 1012 2442 cuiuscumque
1027 2365 1085 2424 lor·

71 2460 160 2512 tunae
174 2458 213 2531 et,
231 2453 258 2512 si
270 2452 312 2512 ita
325 2451 426 2530 ferret,
448 2454 586 2512 comitem
600 2454 684 2512 exitii
697 2452 902 2531 promittebat:
916 2459 951 2513 ut
961 2453 1085 2512 secretis

71 2540 220 2618 bugirstae
234 2538 374 2618 precibus
388 2541 505 2600 veniam
519 2539 660 2620 obtinuit,
674 2540 815 2619 paulatim
829 2542 982 2619 segregari
994 2558 1012 2600 a
1025 2556 1085 2601 ma·
1100 2553 1112 2594 ⁵

71 2630 143 2706 rito,
161 2628 293 2688 dividere
311 2627 513 2688 detonsionem
532 2630 638 2706 coepit.
666 2629 745 2707 quod
764 2647 835 2688 reus
855 2635 1014 2708 postquam
1028 2627 1086 2689 sibi

70 2710 221 2776 exitiabile
240 2714 397 2794 intellegit,
417 2733 453 2776 an
470 2714 569 2776 adhuc
587 2719 776 2795 experiretur
795 2717 946 2797 dubitans,
965 2717 1084 2778 hortan-

71 2803 153 2865 tibus
180 2802 249 2863 iiliis
274 2803 362 2864 durat
388 2811 519 2865 mentem
544 2812 739 2884 senatumque
761 2823 883 2867 rursum
905 2806 1084 2886 ingreditur,

70 2891 361 2971 redintegratamque
379 2894 611 2973 accusationem,
629 2894 760 2955 intensas
778 2901 897 2973 patrum
915 2912 1016 2973 voces,
1035 2894 1085 2955 ad·

70 2998 156 3042 versa
175 2989 205 3042 ct
224 2998 309 3041 saeva
328 2988 435 3042 cuncta
452 2999 627 3062 perpessus,
645 2982 726 3043 nullo
745 2985 840 3062 magis
858 2986 1019 3045 exterritus
1038 2990 1085 3042 est
1099 2996 1126 3037 10

68 3088 160 3149 quem
174 3069 253 3149 qnod
268 3068 420 3131 Tiberium
439 3072 504 3130 sine
519 3073 724 3152 miseratione,
743 3073 808 3132 sinc
823 3074 883 3152 ira,
902 3071 1085 3133 obstinatum

69 3157 264 3237 clausumque
278 3158 359 3238 vidit,
373 3176 482 3237 nequo
498 3159 615 3220 adiectu
629 3168 885 3239 perrumperetur.
908 3158 1020 3221 relatus
1035 3159 1085 3220 do·

69 3263 165 3329 mum,
179 3255 329 3325 tamquam
343 3246 547 3308 defensionem
560 3249 592 3308 in
605 3256 760 3327 posterum
772 3249 977 3330 meditaretur,
991 3266 1086 3327 pauca

141 3449 187 3519 14,
202 3457 218 3506 2
236 3451 338 3520 cuique
355 3451 521 3508 Rhenanus:
541 3449 587 3506 cui
602 3453 607 3520 Ι
623 3457 639 3507 8
653 3451 730 3508 visae
746 3453 891 3521 Pleume!
908 3458 941 3506 ta
956 3453 1086 3507 laeuum

68 3521 207 3578 iudicauit
216 3522 365 3587 Ferrettuu
376 3525 410 3592 cf.
420 3524 581 3595 Nipperdey
594 3524 666 3579 add.
677 3525 693 3580 t.
710 3527 715 3593 Ι
733 3530 765 3578 16
781 3521 962 3578 depellebant
971 3523 1086 3579 Erotem
