2392 3876
131 198 195 263 306
483 197 650 253 CORNELII
667 198 786 255 TAOITI

131 348 223 410 multa
243 347 364 409 sceleris
382 347 491 408 indicia
509 350 716 427 praeveniunt:
736 351 815 410 servi
833 351 860 410 si
877 349 1019 433 prodant,
1040 370 1146 431 possu-

131 456 198 498 mus
213 437 321 516 singuli
335 438 413 497 inter
427 436 541 518 plures,
560 439 617 498 tuti
631 439 710 497 inter
724 439 839 518 anxios,
856 445 1024 521 postremo,
1039 442 1065 501 si
1079 459 1148 520 per·

91 539 118 579 10
132 525 262 587 eundum
277 528 328 607 sit,
347 544 407 585 non
426 524 513 586 inulti
527 527 606 586 inter
620 534 762 586 nocentes
776 544 872 605 agere,
901 536 1040 606 suspecta
1055 531 1146 590 maio-

131 615 215 676 ribus
230 617 340 676 nostris
359 615 479 674 luerunt
497 616 615 692 ingenia
634 631 800 695 servorum,
819 616 907 676 etiam
926 634 996 677 cum
1015 619 1046 678 in
1065 621 1148 698 agris

132 712 182 765 aut
197 703 332 764 domibus
346 702 441 763 isdem
456 710 650 763 nascerentur
665 705 876 782 caritatemque
887 703 1079 767 dominorum
1090 714 1148 768 sta-

131 795 184 852 tim
200 794 377 871 acciperent.
410 798 566 869 postquam
580 809 650 852 vero
664 794 798 852 nationes
812 793 843 853 in
857 791 975 854 lamiliis
989 793 1147 877 habemus,

133 880 241 960 quibus
255 880 365 941 diversi
380 881 469 958 ritus,
484 886 604 940 externa
619 898 702 940 sacra
715 887 767 941 aut
780 879 860 941 nulla
874 889 957 962 sunt,
975 882 1147 946 conluviem

94 982 119 1021 1⁵
132 972 218 1029 istam
242 986 301 1027 non
330 968 389 1027 nisi
411 975 492 1027 metu
516 970 693 1029 coercueris
730 976 760 1030 at
778 969 896 1047 quidam
919 971 1054 1032 insontes
1079 991 1148 1052 per·

131 1056 225 1117 ibunt.
255 1074 321 1116 nam
337 1063 367 1116 et
386 1074 421 1116 ex
440 1055 506 1116 luso
526 1059 659 1117 exercitu
677 1075 746 1118 cum
765 1057 906 1119 decumus
925 1060 1054 1138 quisque
1075 1061 1147 1122 iusti

132 1146 247 1224 seritur,
262 1147 349 1205 etiam
360 1146 475 1206 strenui
485 1147 658 1206 sortiuntur.
676 1145 766 1206 babet
776 1145 885 1226 aliquid
896 1164 932 1206 ex
941 1148 1046 1226 iniquo
1057 1167 1146 1210 omne

131 1251 271 1311 magnum
294 1233 476 1314 exemplum,
500 1234 578 1313 quod
601 1241 703 1295 contra
727 1235 859 1313 singulos
877 1234 1005 1296 utilitate
1024 1237 1146 1315 publica

130 1317 324 1402 rependitur?

197 1408 249 1474 45.
269 1410 438 1473 Sententiae
453 1411 546 1473 Cassii
566 1420 600 1473 ut
614 1430 701 1472 nemo
715 1430 793 1473 unus
807 1419 909 1473 contra
923 1414 967 1473 ire
981 1431 1076 1476 ausus
1091 1425 1146 1497 est,

133 1503 172 1560 ita
196 1499 332 1562 dissonae
356 1519 442 1562 voces
466 1500 684 1580 respondebant
701 1519 859 1562 numerum
878 1508 928 1562 aut
946 1508 1076 1563 aetatem
1095 1512 1147 1565 aut

133 1608 235 1650 sexum
255 1609 289 1650 ac
308 1589 504 1668 plurimorum
527 1588 678 1651 indubiam
701 1590 899 1650 innocentiam
922 1591 1147 1654 miserantium:

132 1677 295 1756 praevaluit
309 1686 406 1739 tamen
420 1697 502 1759 pars,
523 1697 597 1758 quae
617 1677 795 1757 supplicium
810 1677 995 1740 decernebat.
1025 1681 1079 1742 sed
1095 1682 1146 1742 ob-

93 1779 105 1819 5
133 1769 291 1846 temperari
318 1786 375 1828 rron
401 1775 528 1847 poterat,
555 1766 727 1846 conglobata
750 1766 938 1828 multitudine
962 1775 992 1828 et
1016 1786 1087 1830 saxa
1111 1789 1146 1831 ac

133 1856 211 1916 faces
230 1858 368 1916 minante.
404 1863 467 1916 tum
487 1855 593 1916 Caesar
611 1855 751 1935 populum
770 1855 867 1916 edicto
885 1857 1035 1935 increpuit
1053 1865 1145 1938 atque

134 1962 219 2004 omne
234 1947 304 2025 iter,
324 1962 381 2023 quo
401 1944 530 2004 damnati
550 1945 584 2005 ad
603 1962 728 2023 poenam
747 1943 944 2024 ducebantur,
962 1944 1146 2008 militaribus

133 2033 288 2110 praesidiis
309 2035 426 2110 saepsit.
459 2040 615 2092 censuerat
629 2031 789 2109 Cingonius
803 2031 895 2093 Varro
910 2040 943 2094 ut
956 2031 1057 2094 liberti
1073 2054 1145 2114 quo-

134 2138 204 2198 que,
220 2122 271 2197 qui
285 2118 340 2180 sub
356 2119 458 2178 eodem
474 2126 550 2179 tecto
566 2120 703 2201 fuissent,
718 2120 802 2181 ltalia
816 2121 1052 2200 deportarentur.
1082 2124 1112 2185 id
1128 2143 1144 2185 a

94 2222 119 2260 10
133 2209 267 2286 principe
281 2206 463 2285 prohibitum
477 2215 529 2286 est,
544 2226 659 2268 nemos
673 2210 822 2290 antiquus,
836 2228 924 2289 quern
938 2211 1144 2273 misericordia

133 2314 191 2355 non
207 2297 365 2375 minuerat,
379 2313 433 2374 per
448 2298 598 2356 saevitiam
611 2297 823 2359 intenderetur.

200 2382 252 2446 46.
276 2384 435 2445 Damnatus
458 2385 552 2446 isdem
577 2386 747 2448 consulibus
766 2386 937 2466 Tarquitius
956 2387 1078 2450 Priscus
1096 2408 1142 2452 re-

133 2475 331 2554 petundarum
346 2473 480 2554 Bithynis
494 2475 759 2556 interrogantibus,
773 2494 879 2554 magno
893 2483 1010 2554 patrum
1026 2479 1142 2556 gaudio,

135 2567 186 2643 qui
210 2571 380 2626 accusatum
403 2564 438 2625 ab
463 2583 497 2625 eo
518 2563 666 2625 Statilium
684 2564 814 2626 Taurum
832 2582 887 2643 pro
907 2564 1027 2626 consule
1047 2568 1144 2646 ipsius

134 2656 336 2715 meminerant.
383 2672 489 2714 census
516 2672 571 2733 per
598 2654 705 2714 Gallias
733 2672 749 2714 a
777 2652 809 2722 Q.
833 2651 952 2714 Volusio
982 2661 1012 2715 et
1041 2654 1142 2716 Sextio

93 2754 106 2791 ⁵
134 2741 271 2801 Africano
287 2741 492 2822 Trebellioque
507 2740 632 2802 Maximo
648 2745 706 2803 acti
720 2749 797 2822 sunt,
812 2740 934 2803 aemulis
948 2743 1027 2802 inter
1042 2761 1074 2804 se
1089 2763 1143 2824 per

134 2826 317 2888 nobilitatem
331 2828 450 2891 Volusio
465 2839 553 2908 atque
567 2830 718 2891 Africano:
737 2829 916 2891 Trebellium
931 2829 1001 2891 dum
1015 2839 1145 2912 uterque

134 2915 322 2995 dedignatur,
337 2935 425 2995 supra
440 2918 543 2978 tulere.

200 3003 252 3066 47.
277 3003 319 3064 Eo
345 3023 420 3064 anno
438 3013 563 3066 mortem
583 3005 656 3066 obiit
674 3005 828 3068 Memmius
847 3006 990 3089 Regulus,
1013 3012 1142 3071 auctori·

135 3103 194 3155 tate
213 3094 376 3155 constantia
396 3094 480 3177 lama,
498 3096 528 3154 in
548 3103 690 3173 quantum
709 3095 936 3174 praeumbrante
954 3097 1142 3175 imperatoris

136 3185 252 3263 fastigio
268 3183 362 3264 datur,
383 3181 493 3264 clarus,
508 3182 579 3243 adeo
594 3191 627 3244 ut
640 3183 718 3244 Nero
733 3203 820 3265 aeger
834 3184 1013 3266 valetudine,
1027 3196 1058 3246 et
1071 3187 1142 3247 adu-

135 3271 265 3333 lantibus
284 3275 409 3354 circum,
430 3273 481 3352 qui
500 3272 588 3332 finem
606 3274 731 3352 imperio
746 3274 849 3345 adesse
863 3272 1012 3355 dicebant,
1031 3275 1058 3335 si
1072 3274 1143 3354 quid

205 3479 250 3547 44,
266 3485 282 3534 8
302 3479 339 3550 si]
359 3481 388 3534 ni
403 3480 519 3552 Madvig
534 3483 539 3549 Ι
555 3479 600 3548 db,
616 3487 632 3536 8
647 3480 796 3552 eingontus
809 3480 899 3548 barro,
919 3496 966 3535 em.
976 3479 1143 3551 Rhenanus}

136 3555 167 3604 11
188 3547 391 3638 incenderetur,
409 3569 456 3607 em.
476 3553 545 3608 tatem
562 3551 566 3624 Ι
582 3552 628 3619 46,
648 3559 664 3606 3
684 3551 732 3621 qui
750 3551 876 3622 Lipsiae:
896 3548 963 3620 quic
