2392 3876
272 201 320 255 AB
339 200 499 257 Excusso
516 200 672 256 AUGUSTI
690 200 762 256 XVI.
784 208 895 256 11-15.
1019 201 1083 266 363

143 349 192 414 14.
217 350 248 412 C.
275 351 416 412 Suetonio
441 349 551 412 Luccio
577 349 713 410 Telesino
740 348 913 410 consulibus
937 348 1083 411 Antistius

73 442 228 519 Sosianus,
247 439 387 500 factitatis
405 441 437 499 in
450 437 598 499 Neronem
616 437 797 498 carminibus
815 437 968 516 probrosis
987 438 1083 517 exilio,

74 538 107 591 ut
117 530 186 608 dixi,
201 527 350 609 multatus,
360 534 517 606 postquam
527 527 556 587 id
567 526 688 587 honoris
698 525 847 587 indicibus
856 534 976 605 tamque
986 543 1082 606 prom·

74 624 159 697 ptum
181 617 217 676 ad
237 616 342 677 caedes
361 618 529 693 principem
548 617 675 695 aceepit,
698 616 816 694 inquies
836 616 933 674 animo
953 622 980 675 et
998 633 1084 675 occa·

73 708 192 766 sionnm
205 703 283 765 haud
294 706 393 781 segnis
403 703 598 784 Pammenem,
613 703 747 764 eiusdem
760 703 817 763 loci
831 702 947 762 exulem
962 710 991 763 et
1000 701 1083 763 Chal·
1098 715 1111 755 5

73 795 216 855 dacorum
240 801 303 852 arte
322 791 467 852 famosum
486 810 580 871 eoque
598 791 761 853 multorum
779 792 916 851 amicitiis
935 792 1084 871 innexum,

75 880 267 943 similitudine
282 881 417 940 fortunae
432 878 490 940 sibi
503 879 648 941 conciliat.
672 882 816 940 ventitare
829 880 867 940 ad
882 896 949 940 eum
964 882 1085 940 nuntios

75 980 106 1033 et
119 968 350 1031 consultationes
364 986 424 1029 non
439 968 550 1029 frustra
564 976 660 1048 ratus,
680 968 769 1028 simul
787 985 914 1029 annuam
928 969 1084 1046 pecuniam

75 1078 93 1119 a
115 1057 147 1120 P.
169 1059 274 1118 Anteio
298 1058 461 1118 ministrari
483 1058 643 1135 cognoscit.
681 1073 779 1135 neque
801 1058 936 1118 nescium
958 1056 1085 1118 babebat

76 1148 214 1207 Anteium
236 1148 359 1206 caritate
382 1146 559 1224 Agrippinae
582 1145 711 1206 invisum
733 1144 844 1205 Neroni
866 1162 997 1224 opesque
1020 1146 1125 1206 eius10

77 1236 250 1314 praecipuas
269 1234 305 1295 ad
324 1232 498 1293 eliciendam
516 1232 686 1312 cupidinem
701 1250 828 1311 eamque
848 1251 965 1294 causam
983 1233 1085 1294 mrdtis

75 1325 166 1385 exitio
181 1340 255 1384 esse.
282 1323 373 1401 igitur
387 1323 561 1399 interceptis
576 1321 663 1381 Antei
676 1319 792 1401 litteris,
811 1320 926 1382 iuratus
946 1325 1034 1382 etiam
1053 1321 1085 1381 li-

77 1410 187 1492 bellos,
204 1409 314 1490 quibus
332 1409 396 1470 dies
414 1408 549 1488 genitalis
569 1411 634 1470 eius
653 1416 683 1469 et
701 1416 844 1471 eventura
862 1411 986 1470 secretis
1004 1409 1086 1470 Pana·

77 1501 173 1560 menis
196 1498 433 1578 occultabantur,
457 1497 545 1558 simul
567 1498 696 1576 repertis
719 1516 794 1577 quae
818 1497 853 1558 de
877 1504 944 1558 ortu
968 1499 1086 1577 vitaque

60 1616 65 1624 ¹
78 1588 190 1648 Ostorii
204 1586 345 1666 Scapulae
358 1589 523 1665 composita
536 1594 629 1665 erant,
644 1584 747 1647 scribit
761 1585 796 1646 ad
807 1587 971 1664 principem
982 1604 1086 1664 magna
1102 1600 1126 1638 1⁵

79 1694 111 1735 se
127 1683 245 1754 atquae
260 1674 456 1736 incolumitati
474 1676 539 1734 eius
558 1674 759 1734 conducerent
779 1674 957 1752 adlaturum,
976 1676 1003 1734 si
1021 1675 1087 1735 bre-

80 1779 145 1823 vem
158 1762 239 1822 exilii
253 1765 366 1824 reniam
380 1764 601 1842 inpetravisset:
616 1764 725 1841 qnippe
739 1759 877 1822 Anteium
890 1770 922 1822 et
936 1762 1087 1822 Ostorium

79 1852 224 1911 inminere
243 1849 335 1911 rebus
353 1858 384 1911 et
401 1868 454 1910 sna
473 1850 666 1929 Caesarisque
685 1849 743 1910 lata
762 1851 898 1910 scrutari.
927 1852 1004 1909 exim
1019 1853 1087 1910 mis-

78 1936 128 2000 s'ae
151 1938 316 1999 liburnicae
339 1937 551 2020 advehiturque
574 1955 701 2017 propere
726 1935 876 1997 Sosianus.
913 1955 946 1997 ac
959 1937 1086 2016 ⁴vulgato

78 2030 143 2088 eius
162 2026 273 2087 indicio
292 2027 370 2085 inter
388 2025 540 2087 damnatos
563 2027 655 2103 magis
675 2042 763 2104 quam
781 2026 860 2084 inter
878 2042 945 2085 reos
965 2025 1088 2087 Anteius
1102 2040 1129 2080 ao

78 2116 275 2192 Ostoriusque
298 2112 496 2193 habebantur,
519 2113 592 2174 adeo
611 2121 645 2174 ut
664 2120 872 2174 testamentum
892 2113 979 2175 Antei
1001 2132 1088 2175 nemo

77 2203 261 2281 obsignaret,
285 2203 343 2262 nisi
367 2199 529 2279 Tigellinus
553 2208 657 2262 auctor
680 2203 840 2282 extitisset,
869 2199 981 2262 monito
1005 2205 1089 2282 prius

80 2292 183 2351 dnteio
209 2307 245 2349 ne
271 2307 425 2367 supremas
451 2288 565 2350 tabulas
587 2297 762 2351 moraretur.
800 2297 888 2369 atque
910 2289 959 2352 ille
984 2292 1089 2354 hausto

80 2395 205 2458 veneno,
224 2377 392 2438 tarditatem
411 2380 476 2438 eius
494 2395 620 2457 perosus
639 2380 789 2439 intercisis
803 2381 886 2439 renis
901 2387 1027 2440 mortem
1041 2381 1089 2443 ad·

79 2467 256 2547 properarit.
1104 2483 1130 2525 aa

148 2550 198 2615 15.
216 2553 354 2616 Ostorius
371 2554 542 2634 longinquis
561 2556 592 2614 in
606 2556 685 2634 agris
699 2554 776 2632 apud
792 2555 880 2614 finem
896 2554 1041 2633 Ligurum
1058 2557 1089 2617 id

78 2644 222 2722 temporis
241 2651 312 2703 erat.
340 2661 375 2704 eo
393 2644 504 2704 missus
518 2645 663 2722 centurio,
683 2645 735 2721 qui
749 2642 869 2703 caedem
884 2645 949 2703 eins
963 2650 1089 2705 matura·

80 2739 134 2793 ret.
168 2748 257 2792 cansa
276 2730 436 2792 festinandi
453 2749 490 2791 ex
509 2749 543 2791 eo
562 2731 726 2812 oriebatur,
744 2731 823 2811 quod
842 2731 979 2792 Ostorius
999 2731 1090 2813 multa

79 2818 201 2880 militari
219 2818 295 2879 lama
314 2827 344 2880 et
362 2820 486 2880 civicam
504 2837 643 2880 coronam
663 2817 740 2899 apud
755 2818 937 2881 Britanniam
956 2822 1090 2902 meritus,

80 2909 192 2986 ingenti
207 2909 341 2985 corporis
355 2906 463 2968 robore
482 2925 691 2986 armorumque
711 2909 834 2968 scientia
852 2915 965 2970 metum
978 2906 1090 2970 Neroni
1104 2924 1116 2964 s

79 2994 202 3075 iecerat,
222 3012 259 3055 ne
277 2994 430 3056 invaderet
448 2996 586 3074 pavidum
605 3013 723 3074 semper
737 3004 767 3057 et
780 3004 898 3076 reperta
912 3014 1009 3076 nuper
1022 3015 1090 3058 oon-

152 3180 195 3249 14,
212 3186 226 3236 1
245 3181 346 3237 Luccio
362 3182 424 3237 Olar.
439 3183 474 3237 A.
489 3182 642 3251 Rupertue:
659 3181 688 3237 L.
706 3184 710 3251 Ι
727 3184 893 3251 blanquam
909 3185 913 3250 Ι
930 3184 1091 3239 binnexum

80 3250 264 3307 Freimbeim:
283 3251 410 3307 innixum
430 3257 433 3320 Ι
459 3259 491 3308 16
510 3251 713 3308 incolumitatis
739 3256 742 3321 Ι
768 3260 802 3307 22
820 3251 928 3308 monito
947 3257 1090 3324 Aprr'colu:

56 3320 203 3377 'monitus
218 3326 223 3390 Ι
239 3328 273 3378 23
291 3321 410 3379 Anteius
428 3325 464 3380 al.
486 3329 491 3392 Ι
514 3329 549 3378 24
566 3321 736 3379 interscissis
754 3324 951 3396 Berreetbcrger
968 3327 1027 3380 coll.
1046 3331 1091 3392 15,

79 3395 235 3460 3155cteet
252 3391 377 3449 incidere
395 3410 481 3449 renas
503 3399 545 3462 16,
560 3397 597 3449 19
615 3401 640 3450 et
658 3396 735 3464 apud
757 3394 822 3451 Vazi.
840 3395 902 3450 Pae.
922 3397 951 3462 2,
967 3398 1007 3452 22
1023 3399 1028 3464 Ι
1045 3396 1090 3461 15,

80 3467 98 3517 b
116 3476 189 3532 corp.
199 3463 305 3544 ⁸robore
320 3465 486 3520 Beroalduaz
506 3464 630 3534 eorporis
645 3464 769 3535 corporis
788 3463 827 3534 (ri
841 3464 965 3547 corporis
983 3466 1090 3535 Wurm)

79 3532 85 3605 l
107 3538 123 3588 6
141 3549 177 3590 ne
196 3533 345 3605 imperium
368 3533 515 3591 invaderet
536 3535 640 3605 pavido
665 3551 685 3592 s.
706 3537 735 3590 et
748 3572 777 3602 c·
793 3537 926 3591 exterrito
945 3535 1092 3594 Acidaliae
