2392 3876
276 638 595 727 conuuurr
632 639 859 724 uncum
895 757 899 765 Ι

312 795 360 865 ΑΒ
382 795 549 866 EXGESSU
569 795 652 864 Dllll
673 792 829 865 nuuusu

476 950 583 1004 LIBER
600 951 646 1006 VI.

130 1099 163 1182 V,
182 1098 211 1162 6.
233 1098 438 1170 ...Quattuor
456 1105 487 1159 et
506 1099 700 1179 quadraginta
718 1101 867 1161 orationes
886 1117 978 1178 super
991 1117 1026 1159 ea
1040 1116 1073 1159 re

61 1189 193 1268 habitae,
214 1206 250 1248 ex
269 1189 346 1271 quis⁶
355 1185 393 1247 ob
411 1195 525 1248 metum
543 1205 668 1267 paucae,
689 1186 790 1266 plures
811 1187 1073 1249 adsuetudine...

63 1273 220 1338 ...‘mibi
241 1276 387 1356 pudorem
409 1283 461 1359 aut
479 1276 585 1337 Seiano
609 1274 749 1336 invidiam
771 1275 938 1338 adlaturum
961 1277 1073 1337 censui.

63 1383 149 1426 versa
167 1373 212 1426 est
229 1365 361 1445 fortuna,
380 1371 410 1425 et
427 1364 476 1424 illc
496 1363 628 1445 quidem,
652 1366 705 1444 qui
723 1362 864 1443 collegam
882 1371 913 1425 et
930 1381 1073 1442 generum

64 1454 241 1535 adsciverat,
260 1453 319 1516 sibi
335 1454 476 1532 ignoscit:
495 1453 601 1532 ceteri,
621 1471 710 1532 quem
728 1470 782 1531 per
800 1453 947 1514 dedecora
965 1453 1100 1532 foveres

62 1560 133 1603 oum
151 1541 263 1603 scelere
282 1544 475 1603 insectantur.
503 1543 642 1602 miserius
661 1543 700 1602 sit
714 1540 752 1601 ob
766 1543 925 1603 amicitiam
940 1542 1074 1602 accusari

61 1648 101 1691 an
119 1633 246 1710 amicum
264 1649 418 1711 accusare,
440 1629 519 1690 baud
543 1631 743 1692 discreverim.
780 1648 840 1690 non
858 1629 1073 1708 crudelitatem,

62 1737 123 1781 non
143 1719 329 1781 clementiam
348 1721 524 1798 cuiusquam
543 1721 691 1799 experiar,
710 1718 763 1780 sed
781 1718 856 1779 liber
875 1726 904 1780 et
924 1718 1074 1797 mihiipsi

62 1806 206 1886 probatus
217 1808 317 1868 antibo
326 1806 502 1887 periculum.
525 1825 577 1867 vos
592 1806 733 1888 obtestor,
748 1826 786 1867 ne
796 1809 968 1868 memoriam
978 1807 1075 1867 nostri

62 1913 118 1974 pcr
136 1914 300 1957 maerorem
323 1913 412 1975 quam
434 1895 504 1956 laeti
527 1897 694 1971 retineatis,
713 1895 867 1957 adiciendo
886 1914 934 1957 me
955 1911 1114 1974 quoque1o

61 1986 114 2064 iis,
129 1986 181 2063 qui
194 1985 252 2045 tine
267 1986 385 2063 egregio
399 1983 517 2063 publica
531 1983 607 2044 mala
620 1979 808 2063 effugerunt?

129 2071 162 2152 V,
183 2070 211 2134 t.
230 2072 314 2134 'lunc
328 2073 472 2153 singulos,
486 2080 521 2134 ut
535 2074 643 2151 cuique
657 2072 810 2153 adsistere,
825 2072 944 2153 adloqui
958 2075 1074 2134 animus

61 2167 137 2241 erat,
150 2163 282 2221 retinens
296 2169 347 2223 aut
360 2161 512 2222 dimittens
526 2168 642 2240 partem
656 2161 716 2222 diei
729 2159 907 2242 absumpsit,
921 2161 1074 2240 multoque

61 2247 160 2309 adhuc
177 2258 265 2311 coetu
285 2257 315 2311 et
329 2251 445 2311 cunctis
458 2249 641 2328 intrepidum
654 2249 769 2310 vultum
783 2251 847 2310 eius
861 2248 1074 2331 spectantibus,

62 2355 132 2398 cum
151 2355 307 2418 superesse
328 2346 446 2417 tempus
467 2339 636 2398 novissimis
658 2337 828 2420 crederent,
852 2336 962 2417 gladio,
986 2355 1075 2418 quem

63 2427 131 2486 sinu
150 2425 313 2506 abdiderat,
332 2425 477 2487 incubuit.
505 2443 601 2506 neque
616 2425 724 2489 Caesar
742 2425 810 2486 ullis
829 2425 1005 2487 criminibus
1024 2424 1102 2486 autc

62 2512 181 2592 probris
195 2514 367 2576 defunctum
380 2517 544 2575 insectatus
559 2522 617 2594 est,
631 2531 698 2575 cum
713 2515 745 2574 in
759 2513 896 2574 Blaesum
909 2512 1001 2573 multa
1016 2513 1075 2573 ioe-

63 2600 158 2680 daque
171 2604 374 2664 incusavisset.

130 2686 162 2770 V,
189 2688 217 2752 8.
250 2690 385 2753 Relatum
412 2690 481 2751 inde
510 2690 547 2751 de
574 2690 606 2751 P.
630 2689 746 2751 Vitellio
774 2697 804 2751 et
830 2689 993 2769 Pomponio
1024 2689 1075 2752 Sa·

62 2776 168 2839 cundo.
204 2778 287 2841 illum
309 2780 424 2841 indices
447 2778 610 2860 arguebant
632 2778 760 2840 claustra
779 2780 899 2860 aerarii,
924 2780 974 2841 cui
991 2796 1074 2858 prae-

62 2865 159 2928 fectus
181 2877 257 2950 erat,
281 2876 311 2931 ct
333 2869 492 2930 militarem
514 2868 672 2947 pecuniam
694 2864 785 2929 rebus
809 2869 894 2929 noris
917 2867 1074 2946 obtulisse3

61 2953 133 3016 huic
159 2973 177 3017 a
204 2956 342 3019 Considio
370 2965 510 3037 praetura
537 2957 640 3018 functo
668 2954 872 3018 obiectabatur
898 2955 974 3017 Aelii
1001 2954 1075 3016 Galli

61 3044 203 3126 amicitia,
223 3048 276 3125 qui
295 3048 400 3126 punito
416 3045 522 3108 Seiano
536 3047 568 3105 in
582 3045 685 3106 hortos
698 3044 954 3124 Pomponiiquasi
967 3043 1074 3103 lidissi-
1089 3057 1102 3097 5

60 3149 144 3194 mum
162 3133 199 3193 ad
218 3133 384 3195 subsidium
403 3133 591 3213 perfugisset.
622 3151 720 3213 neque
738 3132 816 3194 aliud
837 3131 1075 3212 periclitantibus

59 3220 163 3281 auxilii
181 3241 270 3301 mam
288 3225 319 3282 in
338 3222 463 3283 fratrum
482 3223 647 3283 constantia
665 3222 735 3302 tuit,
754 3222 805 3301 qui
822 3219 910 3306 rades
925 3220 1074 3281 exstitere.

131 3372 160 3444 o,
175 3380 191 3429 6
209 3375 382 3428 insectanter
397 3376 402 3444 Ι
420 3374 476 3441 m
497 3372 676 3443 adsumpsit!
691 3372 718 3443 8,
732 3378 750 3426 4
764 3371 793 3426 0.
809 3369 941 3427 Considio
959 3370 1073 3445 Wtcrml

58 3441 136 3500 Aelii
153 3443 281 3515 Lapaioaa
299 3444 369 3499 uelii
631 3459 632 3464 ¹
