2392 3876
287 162 335 216 AB
354 161 516 217 Excusso
535 160 691 217 AUGUSTI
709 164 729 217 Ι.
749 169 862 218 ‘lo-74.
1040 160 1083 224 39

73 322 129 392 ret,
156 318 238 372 tanto
262 329 294 372 se
318 280 467 388 maalain
489 308 605 370 lubrico
627 310 775 371 dictitans.
811 328 871 370 uon
894 317 992 370 tannen
1015 309 1082 368 ideo

74 399 199 460 faciebat
213 400 300 460 tidem
315 399 410 459 civilis
424 400 526 478 animi3
546 407 612 458 nam
632 398 727 477 legem
740 399 902 459 maiestatis
916 398 1083 477 reduxerat,

72 491 124 549 eui
138 506 246 548 nomen
260 488 337 566 apud
353 494 469 547 veteres
484 486 569 566 idem,
584 486 636 547 sed
651 487 706 547 alia
720 489 751 547 in
765 487 908 547 indicium
917 486 1083 565 veniebant,

73 579 176 656 siquis
190 577 357 655 proditione
368 578 592 636 exereitumaut
605 574 720 654 plebem
736 574 1082 655 contumacissimeque

72 664 147 725 male
166 673 248 743 gesta
268 682 300 725 re
319 664 437 744 publiea
455 665 636 724 maiestatem
655 662 758 743 populi
771 660 895 724 Romani
912 664 1082 724 minuisset:
1097 675 1123 713 10

72 753 149 814 faeta
163 753 372 833 arguebantur,
390 753 468 813 diota
486 755 704 830 inpuneerant
736 755 854 831 pri-oms
865 751 1016 830 Augustus
1035 769 1082 811 co·

71 843 236 920 gnitionem
254 842 290 902 de
309 841 428 901 famosis
442 839 549 900 libellis
563 843 662 919 specie
675 841 749 920 legis
764 843 828 901 eius
841 841 986 919 tractavit,
1005 857 1082 899 com·

74 939 174 990 motus
188 930 280 991 Cassii
295 929 397 990 Sereni
415 928 547 1008 libidine,
565 939 622 1008 qua
642 931 720 989 viros
740 929 922 1008 feminasque
941 927 1083 988 inlustres

75 1017 251 1096 procacibus
271 1020 393 1097 scriptis
409 1017 622 1097 dillarnaverata
641 1037 708 1078 mou
727 1017 879 1098 Tiberius,
897 1016 1082 1078 consultante

74 1107 213 1185 Pompeio
231 1106 329 1167 Macro
347 1114 495 1186 praetore,
512 1124 549 1166 an
568 1107 677 1166 iudicia
696 1108 858 1167 maiestatis
876 1105 1082 1184 redderentur,
1097 1117 1122 1159 1⁵

74 1195 255 1256 exercendas
278 1195 358 1274 leges
382 1213 448 1256 esse
471 1195 632 1273 respondit.
669 1195 886 1275 huncquoque
909 1203 1083 1272 asperavere

73 1286 336 1344 carminaincertit
347 1281 643 1360 aucteribars'vulgata
654 1285 845 1344 insaevitiam
855 1281 1083 1361 superbiamque

72 1375 140 1432 eius
154 1380 185 1432 et
198 1371 366 1433 discordem
380 1389 448 1431 cum
462 1377 555 1430 matre
570 1373 707 1430 animum.

143 1456 193 1519 73.
217 1459 301 1520 Haud
315 1458 430 1536 pigebit
443 1457 555 1517 relerre
575 1459 604 1516 in
624 1457 745 1517 Falanio
763 1465 793 1517 et
810 1457 937 1538 Rubrio,
959 1458 1084 1518 modicis

75 1545 229 1624 eqraitibus
244 1546 397 1624 Romanis,
416 1551 628 1623 praetemptata
647 1546 786 1623 crbnina,
803 1553 837 1604 ut
856 1545 963 1622 utribus
982 1547 1083 1624 initiis,

76 1640 186 1713 quanta
200 1632 312 1694 ‘liberii
326 1640 389 1693 arte
403 1634 609 1712 gravissimum
624 1633 746 1692 exitium
759 1635 931 1712 inrepserit,
952 1633 1020 1693 deiri
1039 1651 1083 1693 re·

74 1740 215 1800 pressum
227 1724 280 1802 sit,
297 1730 446 1800 postremo
465 1722 572 1781 arserit
590 1728 756 1800 cunctaque
770 1722 961 1802 corripuerit,
983 1738 1084 1782 nosca-

75 1820 134 1871 tur.
163 1808 280 1870 Falanio
296 1809 443 1870 obiciebat
456 1816 619 1890 aecusater,
634 1810 711 1888 quod
723 1809 940 1870 intercultores
951 1810 1084 1889 Augusti,
1111 1833 1124 1874 s

74 1900 128 1978 qui
141 1911 195 1976 per
209 1915 311 1960 omnes
326 1899 429 1958 domos
442 1899 473 1958 in
483 1897 603 1959 modum
613 1898 804 1976 collegiorum
813 1897 1006 1978 habebantur,
1017 1898 1084 1960 Cas·

73 1990 152 2047 sium
167 1987 313 2067 qrrendam
327 1989 450 2048 mimum
464 2003 589 2064 corpore
603 1987 742 2048 insanirem
751 1987 932 2066 adscivisset,
946 1987 1083 2066 qaroduue
1175 1985 1177 1989 ’

74 2077 202 2136 venditis
221 2075 316 2136 hortis
336 2083 462 2137 statuam
481 2075 606 2154 Augusti
628 2075 715 2136 simul
733 2078 938 2154 mancipasset.
970 2075 1084 2136 Rubrio

74 2167 193 2225 crimini
207 2163 331 2224 dabatur
350 2163 492 2225 violatum
502 2165 634 2241 periurio
648 2182 759 2224 numen
777 2165 909 2242 Augusti.
939 2182 1013 2244 quae
1033 2165 1085 2225 ubi

74 2252 194 2312 ‘liberio
209 2259 348 2332 noluere,
364 2253 485 2330 scripsit
499 2251 673 2313 censalibus
685 2271 745 2312 non
758 2252 825 2312 ideo
840 2253 992 2314 decretum
1006 2253 1084 2331 patri
1099 2276 1125 2316 ie

73 2357 129 2401 suo
145 2339 269 2421 eaelum,
281 2349 315 2400 ut
329 2342 360 2399 in
374 2341 537 2418 perniciem
547 2343 656 2401 civium
669 2343 696 2400 is
709 2341 805 2401 honor
814 2349 989 2402 verteretur.
1017 2340 1083 2401 Cas-

74 2432 153 2490 sium
170 2429 345 2490 histrionem
364 2429 483 2489 solitum
501 2429 580 2488 inter
598 2429 671 2489 alies
690 2430 822 2490 eiusdem
846 2432 918 2490 artis
929 2432 1084 2490 interesse

74 2516 168 2597 ludis,
186 2534 261 2596 quos
279 2524 374 2577 mater
393 2534 445 2577 sna
464 2518 495 2576 in
513 2519 685 2577 memoriam
703 2517 830 2596 Augusti
847 2524 1006 2597 sacrasset3
1030 2535 1084 2578 nec

73 2613 179 2666 contra
193 2605 353 2685 religiones·
365 2606 439 2684 lieri,
453 2605 532 2683 quod
546 2605 658 2683 efligies
673 2607 746 2685 eius,
760 2613 794 2666 ut
808 2605 866 2666 alia
877 2607 1032 2666 numinum
1047 2607 1084 2665 si·

75 2693 218 2773 mulacra,
238 2693 458 2759 venditionibus
475 2693 631 2754 hortorum
648 2701 678 2754 et
696 2694 836 2754 domnum
856 2693 1004 2754 accedant.
1036 2695 1084 2754 ius
1100 2715 1125 2755 15

75 2781 234 2841 iurandum
256 2782 378 2860 perinde
401 2781 615 2842 aestimandum
639 2799 728 2861 quam
750 2785 776 2843 si
798 2781 896 2843 lovem
919 2781 1084 2844 fefellisset:

74 2870 203 2933 deorum
214 2872 340 2930 iniurias
352 2871 398 2931 dis
412 2888 509 2931 curae.

144 2955 194 3019 74.
218 2957 279 3019 Nee
297 2958 394 3020 multo
415 2966 482 3038 post
500 2958 641 3019 Granium
661 2958 833 3020 Marcellum
852 2966 1021 3038 praetorem
1037 2959 1084 3020 Bi·
1143 2967 1147 2976 '

74 3047 193 3126 thynias
216 3055 357 3126 quaestor
379 3049 474 3127 ipsius
495 3046 602 3125 Caepio
622 3047 776 3126 Crispinus
799 3050 960 3108 maiestatis
983 3055 1083 3126 postu-

74 3135 153 3216 larit,
173 3134 381 3197 subscribente
394 3135 526 3196 Romano
540 3134 684 3215 llispone:
703 3139 754 3215 qui
773 3137 896 3197 lormam
914 3138 990 3196 vitae
1008 3138 1083 3216 iniit,

148 3359 191 3425 ta,
216 3363 232 3413 c
255 3358 390 3413 dictitans
413 3349 552 3415 Muretus:
581 3359 692 3414 dictans
716 3369 783 3415 corr.
808 3377 821 3414 e
845 3359 941 3411 dietari
961 3357 965 3426 l
986 3363 1002 3412 9
1022 3358 1082 3428 aut]

72 3430 107 3481 ut
122 3431 126 3496 Ι
144 3429 188 3496 ld,
207 3435 223 3484 9
242 3445 345 3484 numen
364 3431 546 3486 Freiusbeim:
570 3446 672 3485 nomen
692 3433 697 3499 Ι
718 3429 762 3498 74,
783 3436 797 3484 1
825 3428 994 3499 praetorem]
1021 3444 1084 3496 pro-

71 3498 216 3554 consulem
235 3502 353 3556 malebat
370 3501 487 3571 Lipsius
505 3517 565 3556 cuae
584 3503 706 3557 Mereero
