2392 3876
272 182 321 237 AB
339 180 499 238 EXOESSU
516 176 672 238 AUGUSTI
689 180 761 238 Xlll.
781 189 859 239 2-6.
1010 180 1076 248 253
1111 188 1114 194 ’

69 329 192 392 consilia
210 330 266 391 sibi
285 337 316 391 et
334 328 466 408 exempla
484 328 658 409 capessendi
671 331 789 409 egregie
803 330 921 408 imperii
935 346 1077 390 memora·

69 420 124 498 vit,
143 437 239 498 neque
253 421 402 480 inventam
416 419 506 479 armis
520 417 656 478 civilibus
671 426 721 481 aut
735 418 905 479 domesticis
921 416 1077 478 discordiis

69 506 216 587 inbutam,
239 506 319 568 nulla
337 507 416 588 odia,
440 506 535 568 nullas
553 508 677 568 iniurias
696 524 751 568 nec
769 507 937 586 cupidinem
956 505 1104 567 ultionrss

70 595 195 656 adferre.
214 604 277 657 tum
287 596 410 656 sormam
425 595 519 657 luturi
531 597 716 674 principatus
730 597 930 676 praescripsit,
944 612 979 655 ea
989 596 1077 654 maxi-

70 702 117 744 me
132 683 295 765 declinans,
315 702 443 763 quorum
457 702 561 745 recens
575 683 716 762 flagrabat
729 683 847 745 invidia.
879 685 1030 744 nonenim
1045 700 1077 743 se

69 775 257 850 negotiorum
270 775 402 834 omnium
416 773 545 833 iudicem
559 772 635 854 lore,
655 780 688 833 nt
707 771 815 834 clausis
835 790 922 832 unam
936 773 1014 832 iutra
1028 771 1078 832 do·

67 879 150 922 mum
170 860 392 922 accusatoribus
410 869 440 922 et
457 861 517 922 reis
544 877 704 939 paucorum
727 863 858 940 potentia
881 866 1079 940 grassaretur3

68 949 145 1009 nihil
159 952 190 1009 in
204 948 361 1027 penatibus
376 949 439 1009 suis
453 947 554 1009 renale
568 958 619 1011 aut
631 948 786 1010 ambitioni
803 952 951 1030 pervinm3
969 948 1079 1009 discre-
1094 963 1120 1002 10

70 1045 130 1097 tam
141 1035 260 1097 domum
275 1045 304 1098 et
319 1055 381 1097 rem
395 1036 552 1116 publicam.
575 1046 690 1099 teneret
703 1040 823 1118 antiqua
836 1040 937 1099 munia
950 1044 1080 1118 senatus,

67 1124 227 1186 consulum
246 1124 444 1186 tribunalibus
462 1123 543 1186 ltalia
562 1135 591 1187 et
609 1125 744 1205 publicae
767 1128 935 1205 provinciae
958 1126 1080 1186 adsiste·

70 1223 152 1275 rent:
171 1214 214 1275 illi
232 1222 350 1293 patrum
365 1213 477 1274 aditum
490 1215 680 1294 praeberent,
695 1231 727 1274 se
742 1215 886 1276 mandatis
900 1213 1080 1276 exercitibus

69 1302 286 1364 consulturum.

142 1388 171 1452 5.
190 1391 251 1452 Nec
266 1391 362 1452 deluit
376 1389 462 1468 tides,
480 1389 631 1468 multaque
650 1391 772 1451 arbitrio
787 1398 907 1452 senatus
922 1392 1081 1451 constituta

72 1487 157 1540 sunt:
176 1496 213 1539 ne
233 1481 300 1557 quis
319 1478 354 1539 ad
369 1495 487 1538 causam
502 1478 641 1539 orandam
655 1478 791 1540 mercede
806 1487 857 1540 aut
871 1479 956 1540 donis
970 1495 1081 1538 emere·

74 1575 136 1646 tur,
161 1585 198 1627 ne
222 1566 383 1644 designatis
406 1566 613 1645 quaestoribus
636 1567 742 1629 edendi
760 1566 935 1646 gladiatores
953 1567 1081 1627 uecessi-

75 1663 120 1716 tas
134 1663 221 1716 esset.
249 1655 327 1734 quod
343 1655 461 1734 quidem
477 1654 649 1717 adversante
662 1657 836 1736 Agrippina,
855 1663 1003 1734 tamquam
1017 1661 1081 1715 acta

75 1742 189 1804 Claudii
203 1742 460 1824 subverterentur,
475 1743 630 1806 obtinuere
644 1753 757 1826 patres,
775 1745 825 1822 qni
840 1745 871 1804 in
885 1744 1028 1805 Palatium
1043 1741 1108 1802 obs

75 1831 105 1893 id
115 1831 304 1912 vocabantur,
319 1840 352 1893 ut
366 1832 496 1893 adstaret
512 1832 619 1893 additis
629 1851 646 1894 a
655 1841 739 1912 tergo
748 1832 863 1893 loribus
874 1831 936 1893 ielo
946 1832 1082 1911 discreta,

75 1921 154 2000 quod
173 1923 269 1982 visum
287 1926 414 2000 arceret,
439 1921 557 1982 auditus
575 1939 635 1982 nou
653 1922 804 1983 adimeret.
841 1923 913 2000 quin
932 1927 962 1981 et
979 1919 1083 1998 legatis

74 2011 281 2071 Armeniorum
300 2027 419 2070 causam
438 2013 534 2089 gentis
552 2010 629 2090 apud
644 2008 791 2072 Neronem
809 2009 963 2071 orantibus
981 2025 1082 2070 escen·

74 2098 145 2159 dere
160 2104 333 2178 suggestum
347 2100 535 2178 imperatoria
548 2108 579 2160 et
593 2099 761 2179 praesidere
775 2097 865 2160 simul
877 2097 1011 2178 parabat,
1025 2097 1083 2157 nisi

75 2189 184 2248 ceteris
206 2205 315 2266 pavore
337 2186 442 2248 defixis
465 2186 577 2248 Seneca
600 2189 814 2269 admonuisset,
842 2188 972 2248 venienti
995 2187 1083 2247 matri
1098 2199 1123 2240 ao

75 2282 255 2336 occurreret.
282 2276 325 2336 ita
338 2277 438 2355 specie
451 2277 569 2354 pietatis
583 2277 699 2337 obviam
712 2278 788 2339 itum
802 2277 950 2338 dedecori.

141 2359 171 2425 6.
189 2361 262 2424 Fine
281 2365 351 2424 anui
364 2363 492 2424 turbidis
506 2363 677 2426 rumoribus
691 2367 865 2444 prorupisse
879 2381 999 2424 rursum
1014 2362 1083 2424 Par·

74 2452 143 2513 thos
166 2459 196 2513 et
218 2453 283 2531 rapi
302 2449 470 2512 Armeniam
493 2451 621 2513 adlatum
640 2459 699 2533 est,
720 2453 807 2532 pulso
826 2451 1008 2531 Radamisto,
1032 2453 1083 2529 qui

74 2558 163 2618 saepe
177 2541 262 2618 regni
276 2541 340 2600 eius
354 2541 479 2618 potitus,
499 2539 569 2600 dein
587 2539 744 2621 profugus,
762 2547 826 2601 tum
840 2556 958 2618 quoque
973 2536 1082 2598 bellum

75 2627 256 2688 deseruerat.
283 2628 374 2706 igitur
387 2629 419 2686 in
432 2625 507 2687 urbe
521 2644 691 2688 sermonum
706 2627 796 2707 avida,
811 2625 948 2706 quemad
963 2625 1084 2687 modum

75 2715 216 2794 princeps
229 2716 277 2774 vix
291 2713 502 2793 septemdecim
515 2732 608 2776 anuos
623 2732 761 2794 egressus
776 2717 928 2794 suscipere
942 2732 1007 2775 eam
1021 2732 1082 2776 mo·
1097 2727 1110 2770 s

75 2804 134 2864 lem
148 2811 199 2864 aut
212 2802 386 2882 propulsare
403 2811 518 2883 posset,
536 2803 616 2883 quod
634 2802 801 2865 subsidium
818 2805 850 2864 in
869 2821 918 2885 eo,
937 2805 989 2884 qui
1007 2822 1022 2864 a
1041 2803 1082 2865 ie·

75 2893 155 2954 mina
165 2899 328 2970 regeretur,
342 2909 412 2953 num
427 2892 538 2972 proelia
553 2910 671 2972 quoquc
681 2900 712 2954 et
720 2884 954 2973 obpugnationes
963 2891 1083 2954 urbium

76 2989 108 3044 et
129 2987 228 3042 cetera
251 2979 321 3042 belli
343 2999 398 3060 per
420 2982 577 3061 magistros
599 2981 799 3058 administrari
821 2988 957 3064 possent,
980 2982 1084 3062 anqui·
1159 3058 1163 3067 ,

75 3071 188 3132 rebant.
216 3078 319 3131 contra
332 3069 382 3131 alii
395 3070 501 3131 melius
515 3071 648 3132 evenisse
663 3070 827 3151 disserunt,
842 3087 929 3151 mam
944 3071 970 3131 si
983 3068 1084 3130 invali-

75 3159 132 3221 dus
146 3167 265 3220 senecta
279 3165 310 3220 et
324 3159 438 3237 ignavia
448 3155 588 3221 Clauidius
601 3158 722 3220 militiae
737 3159 773 3221 ad
788 3158 904 3220 labores
918 3166 1083 3239 vocaretur,
1098 3170 1124 3212 ιο

145 3311 172 3380 4,
192 3319 208 3368 5
227 3311 328 3367 inbuta
343 3311 347 3379 Ι
363 3311 390 3379 b,
405 3317 421 3367 3
435 3311 630 3381 quaestoribus
652 3311 781 3368 Unicus:
799 3309 914 3380 quidem
930 3306 1085 3380 quaestori·

78 3381 128 3437 bus
143 3382 181 3453 ld
199 3381 306 3438 obditis
324 3383 452 3452 Lipsius,
476 3381 582 3437 abditis
599 3384 637 3440 ol.
652 3384 658 3452 Ι
673 3388 690 3438 'l
708 3381 822 3438 auditus
839 3382 967 3452 Ιιίρεὲωε
989 3376 1084 3437 edituis

75 3453 162 3521 (usus
181 3495 187 3508 .
208 3496 214 3509 .
233 3453 362 3510 auditum
388 3454 527 3520 Heraeus,
555 3459 586 3510 at
609 3469 634 3510 o.
658 3453 785 3524 Wdlffle'n
804 3453 905 3511 Pln'lol.
927 3455 975 3522 27,-
993 3454 1058 3524 114)
1076 3451 1082 3526 1

29 3543 33 3549 ·
75 3523 101 3590 θ,
121 3529 137 3579 8
155 3524 249 3594 potius
267 3532 283 3581 1
302 3524 391 3598 m.15
410 3526 489 3596 septb
508 3523 576 3581 dece
611 3574 615 3579 .
