2392 3876
111 177 176 243 268
458 173 626 230 CORNELII
643 172 762 228 Tuom

71 343 98 384 ro
111 344 146 387 eo
161 343 257 404 usque
271 324 399 385 ambitus
412 323 584 405 praevaluit,
597 333 631 385 ut
642 323 760 402 quidam
771 331 976 384 accusatorum
985 325 1052 384 eius
1062 327 1123 385 eri·

110 414 150 475 lio
164 414 374 493 multarentur,
387 421 538 491 tamquam
552 414 662 473 insonti
675 411 842 490 periculum
856 412 1004 473 iecissent.

178 499 229 564 34.
252 501 369 562 Nerone
388 503 510 562 tertium
528 500 649 561 consule
668 499 755 560 simul
778 501 845 561 iniit
863 500 1049 562 consulatum
1069 501 1125 563 Va·

110 591 203 653 lerius
227 589 375 671 Messalla,
398 591 484 650 cuius
506 607 662 669 proavum,
685 596 832 650 oratorem
854 588 1025 670 Corvinum,
1054 589 1125 651 diro

110 681 257 760 Augusto,
280 679 372 740 abavo
394 676 534 758 Neronis,
557 676 699 755 collegam
721 680 752 737 in
775 695 810 739 eo
831 679 1005 756 magistratu
1027 678 1125 740 luisse

111 771 198 848 pauci
208 770 265 828 iam
273 768 588 828 senummeminerant.
611 764 663 826 sed
674 764 766 827 nobili
774 765 900 828 familiae
910 765 1006 827 honor
1015 775 1125 828 auctus

84 875 97 917 1
112 865 157 918 111
171 856 280 917 oblatis
292 858 323 915 in
338 853 470 933 singulos
484 871 576 915 annos
590 855 747 933 quingenis
757 856 913 934 sestertiis,
927 854 1036 934 quibus
1046 854 1125 916 liles-

111 945 181 1006 salla
195 950 399 1023 paupertatem
413 944 562 1003 innoxiam
576 949 765 1004 sustentaret.
790 942 909 1005 Aurelio
925 961 1044 1023 quoque
1056 944 1124 1006 Cot-

111 1042 158 1095 tae
176 1039 207 1093 et
224 1031 345 1092 Haterio
359 1031 508 1091 Antonino
527 1048 654 1091 annuam
675 1033 831 1109 pecuniam
850 1033 954 1093 statuit
971 1034 1125 1115 princeps,

112 1121 244 1201 quamvis
258 1136 312 1198 per
325 1119 429 1180 luxum
443 1120 533 1181 avitas
548 1137 621 1198 opes
633 1119 836 1197 dissipassent.

179 1207 250 1269 Eius
277 1210 347 1268 anni
373 1209 519 1287 principio
541 1207 679 1268 mollibus
702 1207 798 1269 adbuc
820 1209 916 1284 initiis
943 1208 1125 1288 prolatatum

73 1315 98 1357 ro
112 1300 190 1358 inter
213 1296 339 1357 Parthos
362 1297 568 1376 Romanosque
595 1296 632 1357 de
659 1295 819 1358 obtinenda
845 1298 984 1358 Armenia
1011 1297 1126 1359 bellum

112 1389 221 1448 acriter
234 1387 406 1466 resumitur,
420 1387 489 1465 quia
503 1403 558 1447 nec
573 1384 729 1464 Vologeses
743 1385 859 1446 sinebat
873 1385 995 1448 fratrem
1008 1385 1126 1448 Tirida·

112 1483 163 1536 ten
186 1475 246 1537 dati
269 1493 286 1535 a
309 1492 341 1536 so
363 1476 449 1553 regni
469 1481 621 1552 expertem
639 1491 705 1535 esse
724 1482 776 1535 aut
792 1473 904 1535 alienae
923 1475 954 1535 id
972 1479 1126 1552 potentiae

112 1565 223 1625 donum
245 1562 364 1644 babere,
388 1570 418 1624 et
435 1562 564 1624 Corbulo
585 1563 707 1641 dignum
724 1563 927 1642 magnitudine
945 1562 1048 1642 populi
1067 1564 1125 1624 Ro·

114 1654 192 1714 mani
210 1651 331 1713 rebatur
348 1659 430 1730 parta
450 1650 519 1712 olim
533 1670 549 1713 a
563 1650 686 1723 Lucullo
700 1650 900 1731 Pompeioque
915 1653 1057 1731 recipere.
1086 1654 1125 1713 ad

73 1757 98 1798 11
112 1740 169 1803 boc
197 1742 329 1801 Armenii
351 1739 487 1818 ambigua
511 1739 570 1800 lide
598 1748 724 1818 utraque
752 1758 832 1800 arma
860 1739 1034 1821 invitabant,
1064 1744 1125 1803 situ

112 1836 271 1909 terrarum,
284 1827 476 1889 similitudine
491 1846 608 1891 morum
621 1827 738 1889 Parthis
752 1832 907 1908 propiores
926 1828 1125 1908 conubiisque

113 1919 252 1997 permixti
265 1934 300 1978 ao
312 1916 449 1977 libertate
462 1918 563 1995 ignota
581 1916 651 1978 illuc
666 1919 758 1996 magis
772 1925 807 1979 111
820 1917 855 1979 ad
870 1919 1025 1979 servitium
1038 1918 1125 1979 incli-

113 2013 226 2066 nantes.

180 2089 231 2154 35.
252 2092 309 2152 Sed
324 2091 485 2153 Corbuloni
500 2092 567 2174 plus
581 2093 666 2153 molis
681 2094 822 2154 adversus
837 2096 980 2173 ignaviam
995 2095 1126 2157 militum

114 2199 202 2260 quam
212 2187 314 2240 contra
327 2180 481 2259 perfidiam
495 2179 626 2242 bostium
635 2189 711 2242 erat:
725 2184 835 2261 quippe
847 2182 934 2244 Suria
943 2190 1126 2246 transmotae

114 2269 258 2349 legiones,
286 2285 358 2347 pace
383 2268 470 2347 longa
493 2286 611 2350 segnes,
638 2272 739 2331 munia
767 2278 933 2333 castrorum
959 2275 1126 2349 aegerrime

115 2356 287 2419 tolerabant.
326 2358 398 2418 satis
420 2359 555 2418 constitit
576 2358 668 2419 luisse
689 2361 720 2418 in
744 2377 778 2419 eo
801 2362 935 2422 exercitu
959 2368 1126 2443 1111111111,

87 2462 100 2502 1
115 2449 167 2526 qui
185 2464 246 2507 non
265 2447 435 2528 stationem,
457 2463 517 2506 non
535 2447 649 2525 vigilias
667 2449 805 2528 inissent,
828 2447 934 2509 vallum
956 2449 1126 2529 fossamque

114 2538 198 2615 quasi
218 2553 293 2596 nova
314 2541 344 2594 et
362 2537 436 2596 mira
454 2537 598 2616 viserent,
621 2538 684 2597 sine
698 2535 802 2617 galeis,
821 2538 885 2598 sine
902 2536 1018 2618 loricis,
1037 2540 1126 2600 nitidi

114 2631 144 2684 et
158 2625 338 2703 quaestuosi,
353 2623 456 2684 militia
470 2642 524 2702 per
538 2625 644 2703 oppida
659 2625 783 2704 expleta.
805 2626 898 2704 igilur
907 2625 1046 2707 dimissis,
1060 2631 1127 2706 qui-

113 2711 171 2771 bus
189 2720 328 2774 senectus
346 2720 398 2773 aut
416 2712 553 2773 valetudo
572 2713 694 2774 adversa
717 2720 793 2794 erat,
816 2712 1055 2792 supplementum
1075 2734 1127 2795 pe·

114 2800 188 2859 tivit.
226 2807 255 2860 et
273 2799 366 2859 babiti
387 2818 442 2878 per
461 2800 602 2861 Galatiam
621 2800 893 2881 Cappadociamque
912 2803 1052 2884 dilectus,
1075 2806 1128 2865 ad·

74 2900 101 2940 10
114 2889 250 2966 iectaque
265 2905 300 2946 ex
315 2886 469 2948 Germania
483 2888 559 2967 legio
574 2907 643 2949 cum
656 2888 808 2968 equitibus
826 2889 924 2951 alariis
943 2898 974 2951 et
990 2892 1128 2972 peditatu

114 2975 294 3037 cohortium..
318 2981 511 3054 retentusque
526 2978 621 3037 omnis
636 2979 785 3037 exercitus
799 2977 855 3039 sub
870 2977 1010 3060 pellibus,
1025 2999 1128 3060 quam·

115 3066 158 3125 vis
177 3064 274 3124 hieme
294 3080 379 3123 saeva
397 3063 485 3144 adeo,
508 3071 542 3125 ut
560 3063 687 3126 obducta
705 3065 797 3144 glacie
816 3068 876 3128 nisi
893 3068 998 3129 ellossa
1016 3069 1129 3133 humus

184 3233 264 3301 34,1
293 3231 400 3302 1111113
420 3233 530 3314 collega
546 3235 550 3304 1
567 3242 582 3290 ‘l
602 3235 719 3304 otherio,
750 3253 797 3292 111.
816 3237 953 3309 Lipsius!
969 3244 985 3294 8
1003 3240 1129 3311 habitas,

113 3306 267 3385 amidam!
285 3310 316 3359 11
335 3302 486 3358 resumitur
499 3305 646 3362 Heinsius·
666 3307 785 3362 sumitur
801 3309 805 3374 1
823 3314 855 3363 17
874 3309 907 3363 ub
924 3311 1024 3367 addidi
1042 3286 1129 3382 (illud

113 3373 204 3444 magis
228 3375 304 3433 eds.
324 3375 449 3446 Lipsius)
466 3375 531 3448 135,
551 3384 567 3432 3
594 3379 748 3433 castrorum
765 3379 918 3436 Bdtticlaerr
945 3396 1129 3440 romanorum

114 3449 264 3512 (armorum
283 3446 462 3515 Freiusleim,
480 3446 606 3503 Romano
623 3465 700 3504 mors
714 3449 857 3517 Heinsius,
876 3453 1032 3510 castrorum
1044 3453 1128 3511 Rom.

113 3515 284 3586 Nipperdey)
306 3519 311 3587 1
337 3523 353 3571 8
381 3520 473 3572 sectus
498 3526 514 3574 1
534 3537 567 3575 m
585 3524 621 3590 19
640 3520 771 3591 galrlram
794 3521 1046 3592 cappodioiamquo
