2392 3876
307 173 356 228 AB
374 173 536 230 Excusso
553 174 708 231 AUGUSTI
726 175 771 229 111.
792 180 905 232 sc-su.
1041 175 1103 238 111

96 323 176 404 quod
194 323 324 385 nondum
339 325 462 385 vetitum
477 331 535 404 est,
553 325 658 385 timeas
677 342 714 385 ne
733 331 846 385 vetere:
865 331 895 384 at
913 325 938 385 si
957 323 1105 402 prohibita

96 418 216 492 impune
235 412 467 493 transcenderis,
490 430 587 492 neque
607 419 704 492 metus
723 411 800 473 ultra
819 431 916 492 neque
935 412 1032 491 pudor
1050 419 1105 473 est.

97 520 151 562 cur
173 519 243 580 ergo
267 501 337 562 olim
359 502 538 580 parsimonia
560 497 711 579 pollebat?
734 502 803 580 quia
823 499 881 561 sibi
899 503 1025 580 quisque
1043 518 1104 560 mo·

96 589 262 670 derabatur,
277 591 347 669 quia
359 591 450 650 unius
463 589 548 650 urbis
557 590 637 649 cives
648 606 779 670 eramus3
792 607 830 648 ne
840 581 1029 649 inritamenta
1040 591 1103 667 qui-

38 733 41 736 .
95 678 162 739 dem
185 678 287 739 eadem
309 680 388 739 intra
410 676 522 738 ltaliam
545 676 774 738 dominantibus,
817 678 947 738 externis
970 679 1103 738 victoriis
1118 691 1145 732 rs

95 767 202 847 aliena,
225 766 361 827 civilibus
385 767 474 827 etiam
496 773 598 826 nostra
621 783 796 826 consumere
816 765 981 825 didicimus.
1015 783 1105 844 quan·

95 856 191 917 tulum
209 853 290 915 istud
308 861 368 935 est,
387 853 423 915 de
443 873 501 934 quo
520 854 631 915 aediles
650 852 821 914 admonenti
842 872 942 933 quam,
962 855 988 913 si
1006 861 1105 914 cetera

96 945 252 1023 respicias,
275 944 307 1002 in
324 942 383 1003 levi
400 941 580 1004 habendum!
608 949 639 1002 at
655 942 776 1003 hercule
796 959 882 1002 nemo
902 941 1006 1022 refert,
1026 942 1105 1021 quod

96 1031 179 1092 ltalia
201 1037 339 1091 externae
363 1033 428 1109 opis
449 1031 575 1111 indiget,
598 1030 677 1110 quod
700 1032 759 1090 vita
781 1029 883 1109 populi
905 1029 1029 1090 Romani
1051 1048 1106 1109 per

96 1122 209 1180 incerta
229 1120 317 1180 maris
336 1126 367 1180 et
384 1126 593 1198 tempestatum
611 1118 720 1180 cotidie
739 1118 874 1180 volvitur.
907 1136 941 1179 ac
960 1120 1019 1178 nisi
1037 1136 1103 1196 pro·
1119 1134 1146 1175 so

96 1210 259 1268 vinciarum
273 1208 375 1286 copiae
390 1214 420 1269 et
433 1207 560 1268 dominis
575 1214 606 1268 et
620 1208 748 1267 servitiis
763 1213 794 1266 et
806 1208 885 1285 agris
903 1206 1104 1287 subvenerint,

96 1304 196 1357 nostra
206 1314 261 1356 nos
271 1296 385 1357 scilicet
399 1314 520 1357 nemora
533 1303 712 1375 nostraeque
726 1294 811 1355 villae
824 1293 996 1355 tuebuntur.
1020 1294 1105 1376 hanc,

96 1392 197 1463 patres
211 1385 386 1464 conscripti,
400 1402 504 1445 curam
517 1386 645 1445 sustinet
658 1385 812 1465 princeps;
829 1383 903 1444 haec
918 1385 1026 1444 omissa
1040 1383 1105 1444 iun·

98 1472 178 1532 ditus
187 1490 252 1531 rem
264 1471 413 1551 publicam
426 1471 532 1533 trahet.
556 1471 678 1551 reliquis
692 1475 769 1532 intra
784 1473 913 1532 animum
928 1471 1105 1532 medendum

98 1567 157 1621 est:
176 1577 230 1621 nos
248 1559 358 1641 pudor,
376 1578 523 1639 pauperes
537 1563 710 1640 necessitas,
728 1559 833 1620 divites
852 1561 940 1620 satias
954 1562 985 1620 in
999 1560 1105 1620 melius
1119 1575 1146 1616 sa

97 1654 202 1710 mutet.
225 1655 276 1709 aut
289 1650 315 1709 si
329 1650 396 1727 quis
411 1666 447 1709 ex
461 1647 680 1727 magistratibus
696 1655 806 1709 tantam
821 1647 997 1708 industriam
1012 1666 1045 1708 ac
1061 1666 1105 1708 se-

96 1738 252 1797 veritatem
265 1736 436 1817 pollicetur,
455 1744 489 1798 ut
502 1739 546 1796 ire
561 1735 676 1797 obviam
691 1744 792 1816 queat,
810 1736 890 1797 hunc
905 1754 959 1815 ego
975 1743 1004 1796 et
1018 1736 1104 1796 laudo

96 1833 127 1887 et
145 1826 301 1886 exonerari
322 1823 456 1885 laborum
474 1843 609 1886 meorum
627 1834 743 1905 partem
764 1824 872 1886 sateor:
896 1826 942 1884 sin
966 1842 1105 1885 accusare

95 1914 166 1974 vitia
179 1913 290 1995 volunt,
304 1913 382 1995 dein,
396 1932 464 1975 oum
478 1913 600 1993 gloriam
611 1916 675 1974 eius
684 1915 730 1973 rei
739 1913 838 1992 adepti
848 1921 926 1993 sunt,
941 1913 1105 1986 simultates

96 2002 209 2062 iaciunt
231 2020 265 2062 ac
288 2000 362 2062 mihi
383 2001 569 2082 relinquunt,
593 2003 719 2083 credite,
742 2010 841 2081 patres
860 2003 1034 2083 conscripti,
1057 2017 1147 2063 meso

97 2107 215 2169 quoque
232 2108 293 2151 non
312 2108 378 2151 esse
397 2091 592 2151 oliensionum
611 2091 741 2171 avidum3
765 2108 838 2170 quas
861 2109 930 2151 cum
947 2108 1052 2169 graves
1076 2099 1105 2151 et

97 2178 271 2258 plerumque
285 2179 402 2258 iniquas
416 2197 470 2257 pro
484 2197 518 2240 re
532 2178 651 2257 publica
664 2180 832 2258 suscipiam,
847 2180 950 2239 inanes
960 2187 990 2240 et
999 2180 1104 2240 inritas

97 2284 195 2345 neque
210 2266 283 2327 mihi
297 2275 347 2328 aut
361 2266 444 2327 vobis
458 2269 528 2328 usui
541 2268 657 2328 futuras
671 2269 736 2328 iure
753 2262 919 2346 deprecen'

164 2350 215 2416 55.
233 2355 351 2416 diaditis
365 2354 498 2422 Caesaris
512 2356 620 2416 litteris
638 2357 761 2416 remissa
780 2354 925 2416 aedilibus
938 2355 1005 2416 talis
1020 2374 1106 2436 cura3

96 2443 244 2523 luxusque
258 2461 390 2524 mensae,
409 2463 424 2504 a
443 2445 501 2504 fine
515 2444 628 2504 Actiaci
645 2442 715 2504 belli
734 2443 770 2504 ad
790 2461 823 2504 ea
842 2460 936 2523 arma,
956 2446 1023 2522 quis
1038 2443 1105 2503 Ser·
1125 2497 1143 2514 ῃ

97 2533 162 2592 vius
181 2531 272 2593 Galba
290 2551 392 2593 rerum
409 2532 533 2611 adeptus
557 2539 616 2612 est,
639 2549 693 2611 per
716 2550 808 2592 annos
831 2538 951 2592 centum
975 2525 1132 2608 prolusisl

97 2619 266 2698 sumptibus
285 2622 409 2681 exerciti
427 2620 567 2700 paulatim
582 2619 743 2681 exolevere.
772 2637 876 2680 causas
891 2620 955 2678 eius
969 2620 1105 2678 mutatio-

97 2709 145 2767 nis
159 2725 302 2786 quaerere
320 2708 401 2770 libet
429 2708 505 2769 dites
524 2707 594 2768 olim
612 2708 737 2768 familiae
755 2706 899 2768 nobilium
918 2714 969 2767 aut
987 2706 1104 2768 claritu·
1119 2722 1133 2764 5

98 2795 307 2876 dineinsignes
317 2798 415 2858 studio
428 2797 662 2875 magnificentiae
671 2794 912 2875 prolabebantur.
934 2814 1001 2856 nam
1017 2798 1106 2857 etiam

96 2892 161 2946 tum
179 2884 294 2964 plebem
315 2889 411 2947 socios
430 2904 521 2965 regna
540 2885 638 2946 colere
657 2891 687 2945 et
705 2883 762 2945 coli
780 2883 907 2967 licitum3
926 2893 960 2946 ut
979 2887 1106 2964 quisque

95 2973 203 3053 opibus
222 2975 308 3035 domo
326 2982 431 3055 paratu
455 2977 621 3055 speciosus,
644 2990 699 3053 per
716 2990 824 3034 nomen
844 2981 874 3034 et
891 2972 1044 3034 clientelas
1062 2976 1105 3032 in-

94 3062 218 3124 lustrior
241 3062 412 3125 habebatur.
446 3071 603 3144 postquam
626 3061 766 3124 caedibus
785 3063 929 3123 saevitum
947 3069 977 3122 et
995 3062 1105 3139 magni·

94 3152 168 3213 tudo
182 3152 276 3212 lamae
291 3154 380 3213 exitio
399 3159 475 3233 erat,
495 3154 588 3213 ceteri
605 3152 642 3212 ad
661 3153 839 3230 sapientiora
857 3156 1039 3211 convertere.
1067 3149 1147 3207 si-1o

22 3251 40 3302 ,“
95 3240 158 3301 mul
177 3241 246 3301 novi
263 3241 399 3302 homines
418 3260 434 3302 e
452 3241 622 3318 municipiis
641 3247 671 3301 et
690 3239 813 3301 coloniis
832 3246 920 3317 atque
936 3238 1024 3296 etiam
1039 3253 1105 3313 pro·

167 3444 213 3515 54,
234 3452 264 3501 11
286 3447 310 3501 si
327 3445 359 3500 in
375 3462 416 3517 pr.
435 3445 594 3516 Nipperdey
609 3446 615 3514 Ι
632 3451 663 3500 13
685 3444 793 3514 sibique
811 3440 1010 3496 moderebatur
1029 3439 1104 3514 quel

95 3522 130 3572 28
150 3523 301 3572 exonerare
319 3517 467 3574 Doederlein
482 3523 486 3586 Ι
501 3517 583 3586 parte
600 3532 646 3570 me
664 3515 756 3568 fateor
778 3512 912 3582 Wopkens
