2392 3876
288 229 336 283 AB
354 227 517 286 EXGESSU
533 227 688 284 spensti
705 229 739 287 II.
760 235 872 288 14-18.
1040 231 1082 295 51

76 379 216 456 mnniquc
235 378 266 438 in
284 377 395 456 fronte,
419 384 487 455 post
506 393 581 455 quos
599 377 715 455 pedites
733 379 890 459 sagittarii3
915 377 984 439 dein
1003 387 1087 458 quat-

77 476 147 527 tuor
160 464 290 544 legiones
305 471 335 526 et
349 481 418 526 cum
432 463 547 525 duabus
561 467 718 542 praetoriis
732 465 905 527 cohortibus
919 484 954 527 ac
972 466 1086 528 delecto
1101 480 1127 522 ιο

76 555 177 633 equile
191 552 312 633 Caesam
330 554 409 614 esim
426 552 551 614 totidem
570 551 643 615 aliae
662 551 793 631 legiones
807 561 838 616 ot
851 553 924 616 leris
937 563 1087 616 armatura

77 659 145 707 oum
159 643 263 720 equite
274 642 425 719 sagittario
435 647 611 719 ceteraeque
622 643 771 702 sociorum
781 641 927 705 cohortes.
953 645 1087 704 intentus

76 725 257 810 potatusque
270 728 365 808 miles,
379 735 413 790 ut
426 728 500 789 ordo
514 729 639 807 agminis
653 731 684 789 in
698 731 792 790 aciem
805 730 971 791 adsisteret.

146 815 195 878 17.
215 816 296 879 Visis
306 816 526 879 Cheruscorum
540 819 679 897 catervis,
699 835 774 896 quae
792 836 847 896 per
865 820 1006 880 ferociam
1019 836 1087 898 pro·

76 913 232 985 ruperant,
255 905 451 967 validissimos
469 906 604 984 equitum
622 907 777 967 incurrere
795 905 886 987 latus,
909 906 1087 968 Stertinium

78 1011 146 1057 cunr
161 995 270 1058 ceteris
278 996 386 1056 turmis
395 993 594 1072 circumgredi
607 999 750 1073 tergaque
763 994 903 1056 invadere
916 995 1009 1076 iubet,
1022 997 1087 1074 ipse

76 1085 256 1161 intempore
270 1082 436 1144 adiuturus.
463 1085 577 1143 interea
591 1081 826 1162 pulcherrimum
839 1086 1006 1164 augurium,
1019 1090 1087 1145 octo

77 1169 191 1250 aquilae
210 1177 312 1250 petere
332 1170 420 1231 silvas
434 1177 464 1232 et
477 1172 589 1231 intrare
603 1172 682 1231 visae
700 1171 910 1249 imperatorem
925 1172 1114 1232 aduertere.⁶

77 1259 219 1322 exclamat
233 1261 320 1339 bant,
335 1267 533 1338 sequerentur
547 1258 692 1319 Romanas
706 1277 783 1340 arm,
803 1261 929 1339 propria⁴
937 1259 1088 1338 legionum

77 1350 206 1411 numina.
235 1347 323 1409 simul
341 1347 489 1425 pedestris
506 1348 586 1407 acies
604 1347 732 1407 infertur
750 1355 780 1406 et
800 1350 981 1424 praemissus
995 1365 1087 1427 eques

77 1443 244 1516 postremos
258 1452 293 1494 ac
307 1433 399 1495 latera
417 1433 544 1511 impulit.
575 1435 743 1512 mirumque
761 1433 857 1513 dictu,
878 1435 937 1496 duo
955 1436 1088 1497 hostium

78 1525 194 1601 agmina
213 1522 328 1582 diversa
349 1522 432 1599 luga,
452 1521 505 1597 qni
527 1518 629 1579 silvam
651 1526 821 1599 tenuerant,
844 1524 875 1581 in
898 1531 1012 1603 aperta,
1035 1524 1088 1601 qui

78 1611 190 1686 campis
204 1607 391 1685 adstiterant,
409 1609 440 1667 in
459 1606 561 1666 silvam
579 1605 713 1667 ruebant
741 1607 831 1667 medii
849 1610 929 1669 inter
946 1609 1001 1669 hos
1015 1609 1088 1670 Che·
1103 1623 1128 1664 1⁰

79 1698 162 1757 rusci
184 1693 309 1756 collibus
332 1693 581 1775 merdebantur,
605 1697 684 1755 inter
703 1712 778 1773 quos
798 1697 922 1774 insignis
936 1696 1087 1758 Arminius

80 1801 170 1845 manu
190 1800 263 1844 voco
281 1781 403 1844 vtdnere
421 1782 606 1844 sustentabat
623 1800 761 1862 pugnam.
793 1782 1029 1864 incubueratque
1044 1803 1088 1846 sav

78 1873 213 1952 gittariis,
232 1871 282 1935 illa
300 1875 453 1950 rupturus,
467 1872 499 1931 ni
512 1869 672 1932 Raetorum
686 1870 964 1952 Vindelicorumque
979 1880 1010 1934 et
1023 1872 1088 1934 Gal·

77 1961 150 2022 licae
169 1960 307 2022 cohortes
326 1962 410 2039 signa
427 1959 615 2022 obiecissent
647 1961 716 2022 nisu
731 1967 828 2021 tamen
843 1963 976 2040 corporis
991 1969 1022 2022 et
1034 1964 1087 2022 im·

77 2057 149 2129 petu
168 2050 239 2128 equi
251 2049 390 2128 pervasit,
404 2047 514 2109 oblitus
527 2048 632 2108 taciem
647 2066 701 2108 suo
715 2066 832 2129 cruore,
850 2066 889 2110 ne
902 2057 1085 2111 nosceretur.
1101 2062 1127 2103 1⁶

78 2137 196 2217 quidam
215 2137 368 2215 adgnitum
381 2154 398 2196 a
412 2135 538 2197 Chaucis
557 2137 636 2197 inter
654 2135 762 2197 auxilia
780 2136 911 2198 Romana
931 2138 1087 2216 agentibus

78 2227 277 2303 emissumque
291 2223 486 2285 tradiderunt
514 2225 609 2285 virtus
624 2241 678 2285 scu
691 2225 774 2286 lraus
788 2225 891 2286 eadem
899 2224 1087 2304 Inguiomero

78 2314 218 2392 effugium
232 2312 326 2374 dedit:
345 2314 438 2373 ceteri
451 2313 562 2391 passim
576 2312 724 2374 trucidati.
752 2320 783 2373 et
796 2311 956 2393 plerosque
968 2323 1086 2376 tranare

77 2400 226 2480 Visurgim
253 2408 394 2462 conantes
416 2402 525 2462 iniecta
547 2400 606 2462 tela
625 2409 677 2461 aut
699 2402 744 2461 vis
766 2399 911 2481 duminio,
935 2410 1086 2480 postremo

77 2488 169 2551 moles
179 2490 330 2551 ruentium
336 2496 368 2550 et
374 2487 540 2550 incidentes
547 2490 787 2567 ripaeoperuere.
802 2489 922 2569 quidam
929 2493 1011 2568 turpi
1017 2491 1086 2568 luga
1100 2503 1126 2543 2⁰

77 2581 228 2639 insumma
237 2576 376 2638 arborum
384 2575 961 2654 uisiramisqueseoccultantesadmotis
969 2581 1085 2665 stagilla·
1122 2574 1128 2580 “

77 2668 131 2727 riis
146 2683 200 2743 per
214 2663 376 2727 ludibrium
385 2661 559 2742 figebantur,
573 2663 646 2724 alids
655 2660 795 2743 prdriilae
805 2658 929 2726 arbdr'd's
937 2665 1085 2726 addixere.

147 2749 196 2813 18.
216 2751 321 2828 llagna
339 2768 373 2811 ea
391 2753 513 2812 victoria
531 2769 628 2830 neque
646 2759 769 2813 cruenta
788 2752 874 2813 nobis
888 2753 952 2814 luit
983 2756 1086 2833 quinta

77 2839 115 2900 ab
137 2839 216 2899 hora,
233 2837 294 2899 diei
314 2836 351 2898 ad
371 2845 489 2899 noctem
509 2841 592 2899 caesi·
606 2838 708 2901 hostes
725 2839 828 2902 decem
845 2840 926 2902 milia
944 2860 1086 2921 passuum

77 2925 270 2989 cadaveribus
284 2933 372 3005 atque
391 2927 481 2986 armis
500 2926 665 3007 opplevere,
683 2931 810 3007 repertis
828 2930 907 2990 inter
926 2930 1019 3009 spolia
1037 2949 1086 2992 eo·

76 3033 145 3078 rum
159 3015 280 3092 catenis,
300 3031 374 3093 quas
393 3015 424 3075 in
438 3012 585 3075 Romanos
603 3023 710 3078 utnon
724 3015 815 3078 dnbio
829 3025 937 3080 eventu
950 3026 1084 3098 portave-

75 3111 151 3165 rant.
186 3102 320 3164 milesia
340 3102 405 3163 loco
424 3101 531 3181 proelii
548 3102 702 3166 'liberium
721 3105 930 3184 imperatorem
948 3106 1112 3167 salutavite

76 3194 245 3271 struxitque
263 3208 400 3270 aggerem
419 3198 448 3252 et
467 3193 497 3252 in
516 3191 636 3253 modum
658 3199 846 3272 trdpaaorum
860 3212 941 3256 arma
956 3192 1085 3255 subscri·

76 3283 136 3360 ptis
151 3282 296 3343 victarum
309 3282 444 3358 gentium
458 3280 628 3342 nominibus
641 3284 791 3359 imposuit.

148 3484 224 3553 lm
242 3486 378 3555 tergaque
392 3485 520 3556 Iapetus:
538 3487 656 3556 longene
671 3488 676 3556 1
694 3492 727 3542 10
744 3485 775 3540 in
794 3484 900 3555 campie
907 3485 1081 3560 Nipperdey}

75 3561 110 3612 20
129 3555 246 3612 obruere
264 3556 356 3613 Rider

829 3651 846 3698 4
853 3643 869 3679 er
