2408 3870
100 153 167 216 360
448 147 617 220 conunnn
635 148 754 204 raom
787 188 792 195 .

99 302 217 380 generis
236 308 265 361 et
287 299 421 363 modesta
444 301 562 362 iuventa
583 297 810 377 praecellebant
846 299 937 378 igitur
960 302 1055 363 missa
1079 304 1119 365 ad

99 397 235 452 senatum
261 390 393 451 oratione
419 387 614 450 removendos
639 405 655 449 a
681 405 713 448 re
738 385 857 466 publica
885 395 1031 467 utrosque
1055 391 1119 454 dis-

100 481 206 558 seruit,
230 477 447 555 obiectavitque
466 476 580 557 Caesio,
604 475 683 555 quod
706 477 785 537 inter
803 476 948 554 imagines
966 479 1120 543 maiorum

65 583 86 622 ιο
101 569 188 630 etiam
207 565 237 626 C.
257 565 340 629 Cassi
359 565 487 644 effigiem
505 564 659 646 coluisset,
682 566 723 628 ita
744 566 918 644 inscriptam
939 560 1026 628 ‘duci
1047 586 1119 647 par·

99 650 200 719 tium':
229 655 339 734 quippe
362 655 474 716 semina
497 652 568 714 belli
591 651 686 715 civius
709 661 740 717 et
765 651 962 717 deiectionem
984 672 1001 716 a
1025 655 1120 718 domo

100 743 259 808 Caesarum
274 745 446 822 quaesitam.
474 759 509 804 ac
523 761 562 803 ae
575 743 717 805 memoria
730 749 847 805 tantum
860 742 970 806 infensi
984 747 1120 809 nominis

98 832 134 893 ad
149 830 312 895 discordias
327 839 476 911 utemur,
489 829 690 910 adsumpsisse
703 830 736 892 L,
751 829 898 910 Silanum,
912 832 1050 895 iuvenem
1064 851 1120 912 ge·

99 938 172 984 nere
180 919 319 1000 nobilem,
329 921 426 981 animo
435 927 735 999 praeruptumquem
745 920 829 980 novis
839 917 930 983 rubus
940 928 1120 985 ostentaret

166 1006 194 1072 8.
209 1007 311 1087 Ipsum
321 1007 429 1071 dehinc
439 1005 572 1071 Silanum
580 1009 731 1086 increpuit
740 1007 833 1069 isdem
848 1006 958 1087 quibus
971 1016 1121 1087 patruum

98 1099 164 1161 eins
173 1096 366 1175 Torquatum,
380 1103 529 1174 tamquam
543 1096 716 1176 disponeret
726 1098 785 1157 iam
798 1097 917 1176 imperii
931 1115 1019 1159 ouras
1029 1115 1121 1176 prae

99 1186 261 1264 liceretque
282 1182 448 1247 rationibus
468 1191 498 1246 et
518 1183 627 1249 libellis
648 1192 679 1245 et
699 1182 835 1264 epistulis
853 1183 989 1266 libertos,
1013 1187 1119 1248 inania

100 1272 187 1333 simul
207 1281 237 1334 et
255 1272 340 1335 falsa:
363 1291 431 1335 nam
451 1271 569 1335 Silanus
592 1275 735 1336 intentior
752 1281 835 1337 metu
854 1281 884 1336 et
902 1274 993 1337 exitio
1011 1278 1122 1354 patrui

71 1361 136 1422 sad
153 1362 389 1440 praecurandum
408 1363 570 1424 exterritus
587 1369 658 1423 erat.
693 1362 809 1424 inducti
826 1360 950 1440 posthac
968 1362 1120 1425 vocabulo

99 1450 245 1532 indicrnn,
262 1453 315 1530 qui
332 1453 363 1514 in
376 1449 531 1530 Lepidam,
545 1450 640 1512 Cassii
654 1467 790 1531 uxorem,
810 1449 903 1516 Silani
915 1451 1049 1532 amitam,
1070 1455 1118 1513 in-

99 1547 214 1602 cestum
229 1557 298 1601 oum
311 1539 412 1600 fratris
426 1538 485 1600 filio
499 1545 530 1599 et
544 1538 625 1600 diros
640 1556 793 1601 sacromm
807 1539 885 1602 ritus
899 1539 1121 1618 contingerent.

99 1627 293 1688 trahebantur
311 1635 346 1688 ut
364 1629 477 1689 conscii
490 1626 639 1688 Volcatius
657 1626 793 1693 Todliuus
812 1645 846 1688 ac
864 1626 1022 1690 Marcellus
1042 1627 1120 1690 Cor·

99 1715 196 1777 nelius
214 1722 367 1777 senatores
386 1722 417 1775 et
430 1713 610 1792 Calpurnius
622 1713 751 1777 Fabatus
769 1732 863 1794 eques
876 1713 1041 1796 Romanus,
1061 1721 1119 1796 qui

65 1821 85 1859 ro
99 1803 244 1883 appellato
258 1805 393 1883 principe
407 1805 566 1864 instantem
581 1803 797 1865 damnationem
811 1802 959 1884 frustrati,
973 1820 1042 1865 mox
1057 1802 1119 1866 Ne·

98 1909 203 1953 nonem
217 1893 297 1952 circa
311 1909 425 1952 summa
440 1890 552 1951 scelera
567 1890 730 1952 distentum
744 1892 829 1969 quasi
842 1892 974 1952 minores
983 1908 1118 1954 evasere.

166 1977 194 2040 9.
215 1981 299 2041 Tunc
318 1978 454 2042 consulto
474 1972 594 2040 senatus
613 1978 714 2041 Cassio
735 1987 766 2039 et
785 1978 884 2038 Silano
903 1977 990 2043 exilia
1009 1979 1117 2042 decer-

99 2076 224 2130 nuntur:
243 2069 280 2128 de
294 2067 405 2146 Lepida
418 2067 527 2130 Caesar
545 2074 697 2130 statueret.
730 2066 962 2146 deportatusque
980 2069 1014 2130 in
1031 2069 1118 2131 insu·

99 2156 156 2216 lam
176 2155 342 2218 Sardiniam
361 2155 494 2234 Cassius,
520 2161 550 2215 et
568 2163 707 2216 senectus
725 2157 791 2217 eius
809 2153 1029 2234 expectabatur.
1069 2156 1117 2218 Si-

99 2245 196 2324 lanns,
220 2251 372 2323 nmquam
387 2241 504 2304 Naxum·
521 2242 731 2324 deveheretur,
754 2241 867 2311 Ostiam
890 2251 1020 2325 amotus,
1043 2256 1117 2323 post

73 2347 86 2388 s
100 2333 262 2411 municipio
276 2329 407 2414 Apuliae,
421 2332 471 2392 cui
484 2349 592 2393 nomen
606 2331 725 2396 Barium
740 2338 794 2413 ost,
809 2331 965 2398 clauditur.
993 2332 1055 2394 illic
1070 2336 1116 2395 in-

101 2421 307 2500 dignissimum
325 2438 427 2484 casum
445 2423 596 2499 sapienter
614 2420 744 2485 tolerans
767 2439 783 2481 a
802 2422 978 2487 centanone
995 2421 1035 2485 nd·
1048 2441 1115 2484 cae-

100 2512 167 2572 dem
181 2512 272 2573 misso
286 2511 461 2591 corripitur3
474 2510 669 2589 suadentique
682 2508 967 2591 rennsahsumpere,
980 2511 1117 2573 animum

100 2598 220 2680 quidem
240 2601 328 2659 morti
347 2598 526 2659 destinatum
545 2600 598 2679 ait,
618 2598 669 2660 sed
687 2616 748 2663 non
767 2592 920 2663 remittere
940 2603 1117 2678 percussori

99 2689 224 2769 gloriam
243 2689 409 2750 ministerii.
442 2693 472 2747 at
490 2688 625 2751 centurio
644 2688 777 2766 quamvis
794 2689 952 2767 inermem,
969 2688 1115 2766 praevali-

65 2785 86 2826 10
101 2779 171 2839 dnm
189 2783 288 2838 tamen
308 2784 338 2837 et
356 2778 417 2836 irae
437 2792 525 2859 qnam
544 2776 646 2836 timori
661 2777 832 2854 propiorem
846 2793 973 2843 cernens
985 2779 1086 2853 premi
1100 2796 1117 2838 a

80 2905 85 2912 -
98 2863 246 2928 militibus
262 2864 354 2924 iubet.
382 2882 437 2924 nec
456 2865 556 2927 omisit
570 2863 688 2928 Silanus
703 2863 797 2926 obniti
811 2863 1009 2928 etintendere
1024 2865 1118 2945 ictus,

100 2961 244 3034 quantum
258 2952 395 3015 manibus
410 2952 497 3013 nudis
510 2951 637 3034 vambai,
656 2953 749 3016 donec
764 2970 781 3014 a
795 2953 969 3016 maturisue
984 2951 1117 3014 vulneri-

98 3041 161 3104 bus.
172 3041 303 3103 aduersis
319 3049 466 3120 tamquam
480 3043 511 3102 in
526 3059 624 3120 pugna
639 3041 766 3102 caderet.

175 3213 200 3278 7,
221 3218 253 3265 12
272 3227 307 3266 ne
326 3213 389 3267 add.
406 3211 534 3266 Faernus
550 3213 554 3279 1
571 3211 596 3277 8,
612 3216 629 3264 4
647 3209 763 3264 intetior
780 3212 858 3264 mein
876 3212 906 3265 ei
923 3209 980 3264 etio
999 3210 1116 3284 patrui}

100 3290 118 3338 5
137 3282 246 3339 inducti
265 3283 419 3338 Feraettcse:
438 3281 567 3349 indocili
584 3288 599 3336 8
619 3281 791 3337 Tertullinus
810 3283 878 3337 coni.
893 3281 1009 3352 Lepsios
1026 3298 1060 3336 eac
1076 3284 1116 3338 H.

100 3360 128 3421 4,
147 3355 227 3421 919,
249 3360 262 3406 1
287 3355 387 3407 senatu
402 3357 407 3420 ι
423 3359 439 3408 3
458 3353 586 3407 senectus
611 3351 663 3408 Fr.
682 3353 814 3409 Medicas:
838 3353 1006 3420 senaiuelt
1029 3352 1118 3421 ostia,

100 3441 149 3480 em.
170 3425 284 3491 Lipsius
299 3430 304 3491 Ι
320 3432 336 3480 8
354 3422 497 3478 remittere
517 3424 677 3495 Nipperdey
694 3429 719 3478 et
738 3424 814 3480 Med.
833 3440 901 3482 corr.
917 3428 980 3481 reesa
993 3422 1117 3479 itiitere:

98 3493 281 3564 peremiitere
301 3501 315 3549 1
335 3512 369 3550 m.
389 3491 562 3564 (permittere
580 3497 629 3565 al.)
