2392 3876
284 194 332 248 AB
352 193 513 249 EXCESSU
530 194 686 250 AUGUSTI
702 195 749 251 VI.
769 201 846 250 6-9.
1018 195 1082 258 173

73 362 110 404 ne
130 344 196 421 pari
213 341 310 403 taedio
330 340 461 402 lecturos
479 341 641 402 adiicerent
658 350 811 418 verentur:
834 341 920 403 nobis
942 341 1083 421 pleraque

74 432 162 509 digna
176 433 297 509 cognitu
311 429 474 510 obvenere,
490 440 667 510 quamquam
681 429 717 491 ab
733 424 798 491 aliis
811 421 999 492 incelebrata.

140 518 169 581 8.
188 519 262 579 Nam
281 534 315 579 ea
333 526 522 599 tempestate,
542 536 599 598 qua
614 517 713 579 Seiani
732 517 891 580 amicitiam
904 521 998 580 ceteri
1010 518 1083 578 ialso

73 615 226 688 exuerant,
240 621 330 668 ausus
345 615 391 668 est
404 623 496 686 eques
510 606 660 667 Romanus
675 606 712 668 ll.
722 605 894 688 Terentius,
908 606 946 668 ob
960 607 990 668 id
1004 611 1083 687 reus,

73 696 224 777 amplecti,
239 696 275 757 ad
289 696 369 756 liunc
382 690 503 757 modum
518 695 595 774 apud
611 701 746 756 senatum
760 694 917 758 ordiendo:
932 691 1084 757 ‘fortune

74 785 194 864 quidem
217 796 299 845 meae
327 785 452 845 fortasse
478 787 577 844 minus
603 784 739 862 expediat
764 784 944 864 adgnoscere
970 787 1084 845 crimen

74 890 163 952 quam
172 873 316 934 abnuere:
331 872 382 932 sed
394 880 555 952 utcumque
569 889 674 934 casura
687 882 737 933 res
750 881 805 954 est,
819 870 935 934 latebor
948 881 979 934 et
992 873 1084 934 luisse
1098 886 1110 926 ⁵

73 979 121 1022 me
136 961 242 1021 Seiano
257 962 397 1041 amicum,
417 967 447 1020 et
461 968 495 1021 ut
508 972 605 1022 essem
619 963 780 1042 expetisse,
799 962 829 1022 et
846 967 1004 1040 postquam
1017 959 1084 1022 ade·

23 1075 26 1082 ·
73 1057 144 1129 ptus
163 1066 243 1110 eram
261 1047 410 1109 laetatum.
437 1048 569 1109 videram
586 1048 728 1128 collegam
741 1051 835 1129 patris
848 1050 987 1129 regendis
1000 1067 1084 1128 prae·

74 1140 160 1199 toriis
170 1136 352 1218 cohortibus,
365 1150 434 1198 mox
443 1135 528 1197 urbis
537 1145 567 1198 et
576 1137 698 1198 militiae
708 1140 808 1199 munia
818 1134 907 1199 simul
916 1136 1084 1200 obeuntem.

72 1225 154 1287 illius
168 1227 328 1305 propinqui
343 1232 373 1286 et
386 1225 498 1286 adfines
512 1225 676 1286 bonoribus
690 1225 887 1308 augebantur,
905 1235 940 1288 ut
958 1229 1084 1306 quisque

72 1314 181 1374 Seiano
195 1316 327 1394 intimus,
341 1317 382 1374 ita
396 1313 431 1374 ad
448 1313 581 1374 Caesaris
594 1315 753 1374 amicitiam
762 1312 889 1375 validus:
903 1322 1005 1376 contra
1021 1316 1084 1394 qui·
1099 1328 1125 1368 10

74 1401 132 1461 bus
150 1402 285 1463 infensus
302 1408 396 1482 esset,
418 1410 500 1463 metu
523 1420 557 1462 ae
581 1401 719 1462 sordibus
737 1400 991 1464 conflictabantur.
1028 1410 1084 1463 nec

74 1506 253 1567 qixemquam
268 1489 401 1568 exemplo
416 1490 552 1550 adsumo:
571 1497 708 1570 cunctos,
727 1493 779 1569 qul
797 1492 950 1551 novissimi
968 1489 1086 1551 consilii

74 1584 213 1656 expertes
227 1577 350 1657 fuimus,
368 1595 434 1637 meo
449 1580 538 1638 unius
552 1578 723 1638 discrimine
742 1577 905 1639 defendam.
932 1581 1086 1640 nonenim

74 1665 215 1726 Seianum
230 1662 459 1747 Vulsiniensem,
479 1674 524 1727 set
538 1665 675 1727 Claudiae
690 1673 720 1727 et
733 1665 824 1727 Iuliae
838 1666 943 1728 domus
962 1673 1085 1747 partem,

73 1770 150 1832 quas
163 1753 312 1815 adfinitate
326 1761 534 1836 occupaverat,
548 1761 642 1837 tuum,
656 1754 771 1837 Caesar,
785 1762 941 1836 generum,
956 1757 1001 1816 tui
1016 1773 1084 1816 con·
1100 1768 1125 1808 15

74 1842 189 1902 sulatus
205 1844 331 1924 socium,
350 1850 401 1903 tua
419 1843 516 1903 officia
530 1845 560 1902 in
575 1842 739 1922 republica
753 1851 957 1922 capessentem
972 1843 1085 1904 coleba-

75 1948 150 1991 mus.
178 1949 237 1991 non
252 1939 298 1991 est
311 1939 447 1992 nostnun
461 1934 625 2012 aestimare,
640 1948 728 2011 quem
743 1942 833 2012 supra
846 1940 963 1993 ceteros
977 1939 1008 1992 et
1022 1934 1084 2010 qui-

74 2018 133 2080 bus
150 2018 187 2079 de
206 2022 303 2080 causis
322 2019 457 2080 extollas:
476 2019 532 2080 tibi
550 2037 697 2080 summum
716 2034 817 2081 rerum
831 2018 975 2082 iudicium
989 2020 1019 2081 di
1034 2016 1085 2081 de-

75 2106 159 2188 dere,
174 2108 258 2168 nobis
273 2107 409 2187 obsequii
422 2107 515 2187 gloria
528 2108 631 2169 relicta
645 2117 699 2169 est.
724 2117 891 2188 spectamus
905 2121 996 2188 porro
1010 2117 1085 2189 quae

75 2213 174 2256 coram
188 2195 344 2276 habentur,
359 2199 408 2257 cui
422 2213 458 2257 ex
472 2204 502 2257 te
516 2214 590 2275 opes
598 2196 735 2279 bonores,
750 2200 816 2276 quis
826 2198 954 2277 plurima
963 2198 1084 2258 iuvandi
1099 2213 1124 2252 20

75 2285 237 2346 nocendive
255 2287 399 2365 potentia,
419 2303 494 2362 quae
509 2284 615 2345 Seiano
635 2286 727 2346 luisse
746 2297 835 2346 nemo
847 2289 1007 2364 negaverit.
1035 2285 1084 2346 ab·

75 2373 155 2434 ditos
167 2375 312 2452 principis
322 2391 436 2453 sensus,
451 2381 481 2433 et
491 2375 518 2433 si
527 2373 597 2452 quid
610 2373 756 2434 occultius
766 2381 859 2455 parat,
874 2376 1031 2454 exquirere
1041 2377 1084 2434 in-

75 2461 203 2542 licitum,
223 2479 344 2541 anceps:
362 2478 418 2521 nec
436 2460 503 2520 ideo
522 2461 693 2539 adse'quare.
725 2479 775 2543 ne,
794 2471 895 2540 patres
914 2464 1085 2542 conscripti,

75 2549 213 2610 ultimum
228 2549 327 2610 Seiani
340 2548 428 2629 diem,
442 2549 494 2609 sed
509 2548 638 2609 sedecim
652 2567 745 2609 annos
759 2552 966 2628 cogitaveritis.
997 2553 1085 2610 etiam

75 2637 207 2699 Satrium
221 2646 310 2717 atque
324 2638 520 2717 Pomponium
533 2636 761 2719 venerabamur3
778 2636 899 2698 libertis·
913 2655 1031 2718 quoque
1050 2657 1084 2699 ae
1099 2654 1125 2694 25

74 2727 251 2787 ianitoribus
271 2729 334 2786 eius
353 2733 508 2786 notescere
525 2742 580 2804 pro
599 2724 754 2803 magnifico
773 2725 981 2804 accipiebatur.
1014 2727 1085 2806 quid

74 2812 167 2894 ergo?
190 2809 362 2876 indistincta
379 2813 453 2874 haec
471 2813 604 2874 defensio
623 2820 654 2874 et
671 2815 818 2892 promisca
833 2812 973 2877 dabitur?
994 2817 1085 2876 immo

73 2904 162 2964 iustis
175 2904 311 2964 terminis
326 2903 481 2964 dividatur.
508 2903 633 2963 insidiae
651 2905 682 2963 in
701 2918 764 2963 rem
782 2902 944 2986 publicam,
963 2905 1085 2966 consilia

74 2991 173 3054 caedis
192 2992 351 3053 adversum·
366 2994 575 3070 imperatorem
593 2993 768 3071 puniantur:
791 2992 975 3055 deamicitia
995 3001 1026 3054 et
1043 2996 1084 3054 ol-

74 3081 150 3142 ilciis
165 3081 244 3142 idem
258 3081 325 3141 linis
340 3088 370 3140 et
384 3088 427 3160 te,
441 3081 561 3161 Caesar,
576 3088 606 3141 et
619 3098 674 3141 nos
689 3078 868 3142 absolverit?
1099 3098 1125 3136 ao

142 3166 171 3230 9.
187 3170 356 3231 Constantia
371 3171 521 3249 orationis,
536 3177 566 3230 et
580 3171 648 3248 quia
663 3178 800 3247 repertus
815 3180 886 3250 erat,
902 3173 953 3250 qui
967 3170 1086 3230 efferret

74 3275 150 3337 quae
161 3275 264 3319 omnes
274 3259 371 3317 animo
386 3257 543 3337 agitabant,
557 3276 592 3317 eo
601 3276 697 3336 usque
706 3266 840 3339 potuere,
854 3265 888 3319 ut
898 3266 1085 3319 accusatores

73 3347 416 3429 eiusadditisquaeaute
424 3345 710 3427 deliquerant,exilio
718 3353 871 3409 autmorte
879 3345 1084 3410 multarentur.

145 3532 172 3601 8,
193 3540 226 3588 14
245 3534 289 3587 seb
307 3534 468 3589 Rhenanus:
487 3533 516 3586 et
532 3535 536 3601 Ι
552 3538 586 3587 25
605 3531 748 3587 Pinarium
766 3533 857 3590 Ritter
