2408 3870
138 188 202 259 182
487 183 791 241 eonrmuraorrr

133 336 244 417 ditum,
268 353 356 416 quam
379 334 535 395 interiecto
560 333 666 396 Seiano
690 352 742 413 spe
766 341 961 396 sustentatam
978 337 1145 414 provixisse

136 443 218 505 reor,
242 430 272 484 et
289 431 446 502 postquam
469 422 543 483 nihil
561 423 598 484 de
617 424 737 484 saevitia
755 421 975 504 remittebatur,
993 423 1145 486 voluntate

136 515 325 593 exstinctam,
348 512 406 572 nisi
429 512 454 573 si
477 513 591 590 negatis
613 509 760 572 alimentis
782 510 975 573 adsimulatus
998 520 1045 573 est
1068 514 1145 593 linis,

109 603 189 682 oqui
211 600 362 662 videretur
385 606 489 678 sponte
509 606 653 678 sumptus.
682 601 833 660 enimvero
851 599 990 660 Tiberius
1010 601 1144 664 foedissi-

135 691 192 751 mis
207 686 462 750 criminationibus
476 690 594 767 exarsit,
608 688 821 766 impudicitiam
832 706 958 767 arguens
968 696 999 749 et
1009 691 1146 752 Asinium

136 777 251 839 Gallum
270 775 450 856 adulterum,
469 777 593 854 eiusque
612 783 707 836 morte
726 776 762 837 ad
781 776 912 837 taedium
930 779 1006 839 vitae
1022 779 1144 858 conpul-

135 884 207 928 sam.
231 864 283 926 sed
302 865 463 943 Agrippina
481 866 568 943 aequi
586 865 745 947 inpatiens,
765 865 937 927 dominandi
956 866 1052 947 avida,
1077 870 1145 929 viri-

135 952 215 1015 libus
234 954 314 1013 curis
333 952 510 1012 seminarum
527 953 597 1012 vitia
616 960 747 1013 exuerat.
775 953 880 1014 eodem
898 952 946 1014 die
965 954 1145 1037 defunctam,

97 1056 124 1096 ro
137 1059 196 1122 quo
219 1039 339 1116 biennio
362 1047 429 1100 ante
449 1039 574 1101 Seianus
595 1059 706 1120 poenas
729 1040 848 1123 luisset,
873 1045 1093 1123 memoriaeque
1116 1045 1146 1105 id

136 1129 323 1211 prodendum
350 1128 462 1189 addidit
486 1128 592 1189 Caesar
620 1131 810 1210 iactavitque,
842 1130 923 1210 quod
953 1149 1011 1192 non
1039 1131 1145 1212 laqueo

137 1216 318 1296 strangulata
340 1235 437 1296 neque
459 1219 491 1278 in
509 1217 665 1278 Gemonias
683 1220 816 1297 proiecta
834 1219 919 1280 loret.
956 1226 1039 1281 actae
1058 1221 1098 1282 ob
1116 1223 1146 1284 id

136 1313 236 1386 grates
255 1306 479 1386 decretumque,
498 1313 532 1366 ut
551 1308 688 1386 quintum
707 1306 867 1368 decumum
884 1306 942 1368 kal.
960 1307 1145 1392 Novembris,

136 1397 293 1474 utriusque
307 1397 390 1456 necis
405 1394 465 1475 die,
479 1413 534 1474 per
548 1397 644 1455 omnis
657 1412 751 1456 annos
765 1395 876 1457 donum
890 1395 952 1456 lovi
966 1407 1144 1461 sacraretur.

202 1480 254 1545 26.
277 1482 362 1544 Haud
379 1482 472 1544 multo
490 1490 559 1562 post
573 1483 715 1545 Cocceius
728 1481 836 1565 Nerva,
855 1487 1015 1547 continuus
1036 1489 1145 1565 princi·

134 1575 179 1654 pi,
199 1573 294 1633 omnis
313 1571 406 1633 divini
418 1571 599 1652 humanique
613 1571 688 1633 iuris
703 1573 817 1653 sciens,
835 1574 953 1652 integro
967 1581 1061 1656 statu,
1081 1595 1145 1637 cor·

134 1680 207 1742 pore
231 1660 357 1738 inlaeso,
379 1659 526 1721 moriendi
548 1660 706 1721 eonsilium
729 1663 819 1740 cepit.
863 1662 943 1742 quod
965 1669 999 1723 ut
1023 1663 1143 1726 Tiberio

135 1751 300 1829 cognitum,
318 1747 466 1827 adsidere,
485 1765 589 1809 causas
607 1750 775 1828 requirere,
797 1749 905 1811 addere
919 1768 1038 1834 preces,
1058 1753 1145 1815 fateri

108 1847 285 1918 spostremo
305 1853 393 1915 grave
407 1837 619 1917 conscientiae,
637 1854 726 1914 grave
740 1837 833 1898 famae
848 1856 932 1920 suae,
951 1841 978 1900 si
990 1843 1145 1920 proximus

135 1929 298 1988 amicorum
316 1922 406 1984 nullis
419 1923 567 1985 moriendi
579 1924 745 1986 rationibus
764 1928 853 1986 vitam
867 1926 993 2005 sugeret.
1030 1947 1145 1991 aversa·

134 2021 184 2076 tus
208 2029 375 2073 sermonem
392 2010 488 2071 Nerva
506 2010 714 2075 abstinentiam
733 2013 793 2074 eibi
811 2017 972 2077 coniunxit.
1010 2016 1145 2080 ferebant

135 2102 220 2180 gnari
243 2101 454 2178 cogitationum
477 2101 554 2181 eiuS,
577 2107 688 2180 quanto
706 2105 830 2181 propius
852 2103 928 2164 mala
946 2107 991 2166 rei
1008 2105 1145 2184 publicae

134 2185 252 2268 viseret,
266 2189 310 2248 ira
324 2196 354 2248 et
367 2195 457 2268 metu,
472 2187 543 2249 dum
552 2190 676 2270 integer,
690 2189 761 2250 du'm
770 2192 972 2272 intemptatus,
985 2192 1146 2257 honestum

97 2291 125 2331 1⁰
138 2278 227 2338 linem
243 2274 378 2337 voluisse.

203 2365 341 2427 Ceterum
355 2363 533 2444 Agrippinae
547 2369 709 2447 pernicies,
728 2367 807 2446 quod
821 2371 870 2430 rix
883 2369 1040 2452 credibile,
1059 2371 1144 2433 Plau-

135 2457 232 2518 cinam
255 2455 351 2514 traxit.
393 2461 486 2532 nupta
508 2453 579 2514 olim
601 2454 652 2517 Cn.
671 2454 773 2517 Pisoni
791 2463 822 2518 et
838 2456 934 2536 palam
952 2456 1029 2520 laeta
1047 2469 1144 2522 morte

135 2544 314 2624 Germanici,
333 2560 401 2602 cum
420 2542 488 2602 Piso
504 2543 636 2624 caderet,
655 2544 796 2624 precibus
809 2545 960 2624 dragustae
974 2565 1029 2607 neo
1043 2550 1144 2609 minus

135 2633 297 2695 inimicitiis
316 2631 495 2710 Agrippinae
514 2630 634 2693 defensa
656 2639 728 2693 erat.
760 2641 794 2693 ut
812 2633 914 2694 odium
932 2640 965 2695 et·
980 2637 1075 2714 gratia
1094 2636 1143 2699 de-

95 2733 121 2774 15
135 2723 221 2800 siere,
235 2723 282 2780 ius
296 2719 401 2800 valuit3
417 2722 568 2799 petitaque
583 2720 757 2782 criminibus
770 2721 849 2782 baud
863 2724 972 2800 ignotis
987 2740 1040 2783 sua
1054 2742 1145 2786 mann

134 2825 201 2870 sera
214 2809 307 2884 magis
322 2826 410 2886 quam
423 2809 560 2868 inmerita
574 2808 718 2888 supplicia
731 2809 882 2888 persolvit.

201 2893 253 2956 27.
267 2893 324 2955 'lot
337 2894 468 2957 luctibus
481 2895 597 2957 funesta
611 2898 729 2957 civitate
743 2915 813 2977 pars
826 2901 970 2961 maeroris
983 2900 1048 2979 fuit,
1064 2900 1145 2981 quod

134 2983 208 3044 lulia
221 2981 309 3043 Drusi
324 2981 395 3062 iilia,
415 2983 562 3062 quondam
576 2983 702 3044 Neronis
716 3003 804 3069 uxor,
823 2986 964 3066 denupsit
977 2990 1009 3049 in
1023 2988 1144 3051 domurn

133 3070 262 3134 Rubellii
284 3069 400 3149 blandi,
428 3073 514 3131 cuius
536 3090 623 3133 avum
646 3072 802 3134 Tiburtem
823 3076 955 3154 equitem
978 3075 1144 3138 Romanum

133 3160 269 3241 plerique
283 3160 486 3220 meminerant.
509 3167 641 3221 extremo
656 3163 726 3222 anni
739 3162 1029 3225 morsdeliibamiae
1040 3165 1145 3226 sunere

106 3251 270 3311 ocensorio
289 3245 449 3327 celebrata,
473 3250 524 3327 qui
547 3247 795 3312 administrandae
814 3245 921 3312 Suriae
936 3253 1063 3332 imagine
1082 3263 1146 3314 tan-

177 3454 183 3465 ¹
206 3383 252 3452 25,
272 3390 288 3438 2
314 3382 382 3466 susi.
401 3380 490 3436 vitam
511 3381 676 3466 produarisse
702 3383 796 3468 Italae.
815 3384 930 3468 Seyffert
944 3389 954 3468 l
968 3395 1002 3444 13.
1018 3389 1052 3442 ut
1073 3405 1098 3444 a„
1117 3389 1145 3470 d,

136 3454 267 3594 qpplrqurp
289 3454 408 3510 Ueronae
423 3454 427 3522 Ι
443 3452 489 3521 28,
505 3460 519 3508 1
533 3470 655 3524 prmorpr
668 3454 816 3512 Hamus:
833 3472 970 3527 principis
985 3460 990 3526 1
1006 3459 1082 3532 tut]
1096 3459 1146 3514 ub1
