2392 3876
273 180 321 235 AB
339 179 501 235 Excusso
518 178 675 234 AUGUSTI
692 179 712 235 Ι.
734 185 845 235 74-78.
1027 182 1070 244 41

62 349 137 410 quae
155 333 212 393 rite
231 333 342 393 laceret
360 329 495 391 acerbus
523 328 601 389 unde
620 331 714 390 ceteri
727 328 878 389 silentium
896 337 932 390 et
945 347 1071 409 pauper-

63 427 152 480 tatem
166 420 345 482 confessioni
360 427 390 479 et
403 417 547 479 beneiicio
562 434 769 495 praeposuere.
1085 433 1110 473 ιι

129 506 180 570 to.
194 508 307 570 Eodem
317 524 393 567 auno
403 506 554 567 continuis
564 504 710 566 imbribus
722 514 828 566 auctus
835 504 974 567 Tiberius
983 506 1071 584 plana

62 596 146 658 urbis
167 603 366 676 stagnaverat3
387 593 569 656 relabentem
583 600 686 654 secuta
700 601 746 654 est
760 592 961 654 aedificiorum
976 604 1005 655 et
1019 594 1070 655 ho·

61 687 174 746 minum
193 688 315 765 strages.
347 686 439 762 igitur
457 685 574 743 censuit
587 683 706 742 Asinius
721 681 820 742 Gallus
839 690 873 743 ut
890 681 960 742 libri
975 681 1070 742 Sibul-

61 774 115 834 lini
132 772 294 836 adirentur.
326 774 427 833 renuit
445 770 596 851 Tiberius,
619 769 744 848 perinde
763 771 860 831 divina
883 769 1070 849 humanaque

61 862 218 942 obtegens;
241 862 293 925 sed
316 861 481 922 remedium
505 859 663 921 coercendi
681 859 812 919 lluminis
830 859 915 919 Ateio
935 857 1097 937 Capitonis

62 957 92 1010 et
110 949 142 1009 L.
161 950 303 1011 Arruntio
326 949 505 1009 mandatum.
542 947 680 1008 Achaiam
703 965 737 1008 ac
755 947 957 1008 Macedoniam
980 965 1071 1008 onera

62 1038 249 1115 deprecantis
268 1038 359 1099 levari
376 1038 407 1098 iu
420 1053 562 1116 praesens
576 1034 782 1114 proconsulari
796 1037 921 1114 imperio
935 1036 1071 1114 tradique

63 1125 181 1186 Caesari
197 1127 316 1205 placuit.
348 1124 471 1187 edendis
489 1123 713 1204 gladiatoribus,
733 1142 808 1203 quos
828 1124 996 1184 Germanici
1014 1123 1071 1184 fra-

61 1217 116 1275 tris
136 1233 169 1275 ao
189 1233 243 1276 suo
262 1217 381 1277 nomine
400 1212 560 1293 obtulerat,
579 1212 694 1273 Drusus
712 1212 874 1293 praesedit,
894 1230 1072 1291 quamquam

60 1303 112 1364 vili
126 1306 270 1382 sanguine
284 1305 373 1364 nimis
387 1302 532 1381 gaudens3
547 1300 627 1378 quod
641 1305 672 1361 in
687 1300 793 1378 vulgus
808 1301 1031 1362 formidolosum
1041 1308 1072 1361 et
1086 1319 1111 1357 ιο

61 1400 146 1469 pater
171 1394 305 1470 arguisse
329 1389 492 1450 dicebatur.
529 1405 584 1448 our
607 1387 785 1448 abstinuerit
808 1390 975 1466 spectaculo
999 1392 1072 1470 ipse,

62 1480 143 1538 varie
157 1478 327 1558 trabebant3
346 1477 396 1536 alii
409 1476 506 1536 taedio
522 1482 633 1554 coetus,
649 1474 768 1554 quidam
782 1479 903 1536 tristitia
917 1479 1030 1555 ingenii
1043 1484 1073 1537 et

63 1573 145 1625 metu
160 1566 391 1645 corporationis,
406 1566 474 1643 quia
488 1562 641 1641 Augustus
655 1565 779 1623 comiter
793 1563 986 1624 interfuisset.
1013 1582 1073 1624 non

63 1652 242 1714 crediderim
266 1651 301 1712 ad
325 1652 529 1712 ostentandam
558 1652 707 1711 saevitiam
735 1651 953 1731 movendasque
971 1651 1073 1731 populi

63 1742 242 1802 ollensiones
256 1758 427 1801 concessam
445 1740 505 1801 lilio
523 1741 689 1819 materiem,
709 1757 887 1818 quamquam
906 1740 935 1800 id
955 1758 1074 1819 quoque
1088 1757 1114 1799 ιι

63 1831 246 1891 dictumest.

131 1916 180 1979 tt.
200 1920 237 1979 ht
251 1918 360 1979 theatri
373 1917 505 1999 licentia,
519 1919 654 1996 proximo
669 1919 770 1996 priore
784 1934 861 1977 anno
876 1925 993 1997 coepta,
1007 1935 1073 1996 gra-

63 2011 128 2069 vius
146 2006 211 2067 tum
229 2009 341 2088 erupit,
363 2008 469 2068 occisis
488 2024 548 2066 non
566 2005 653 2067 modo
669 2023 685 2065 e
699 2004 794 2084 plebe,
814 2011 860 2065 set
878 2005 1024 2066 militibus
1044 2014 1074 2067 et

63 2097 250 2176 centurione,
268 2095 422 2156 vulnerato
441 2094 563 2155 tribuno
577 2096 743 2177 praetoriae
758 2093 902 2175 cohortis,
921 2093 992 2155 dum
1006 2111 1074 2172 pro·

39 2185 116 2266 ⁴bra
134 2186 166 2245 in
183 2185 373 2263 magistratus
392 2190 423 2244 et
440 2182 656 2244 dissensionem
675 2181 756 2260 vulgi
774 2181 942 2260 prohibent.
975 2190 1073 2243 actum
1133 2192 1137 2200 '

63 2272 99 2333 de
114 2291 148 2332 ea
162 2273 307 2334 seditione
317 2271 394 2351 apud
403 2279 503 2350 patres
513 2270 748 2349 dicebanturque
759 2269 932 2351 sententiae,
946 2277 980 2330 ut
990 2288 1072 2349 prae·
1087 2287 1100 2327 s

62 2361 178 2422 toribus
192 2362 240 2421 ius
254 2364 404 2440 virgarum
417 2362 448 2420 in
462 2359 623 2420 histriones
638 2367 726 2420 esset.
749 2360 920 2419 intercessit
934 2357 1073 2420 Haterius

62 2451 191 2528 Agrippa
209 2448 349 2510 tribunus
367 2446 465 2527 plebei
487 2450 711 2525 increpitusque
735 2453 781 2506 est
799 2446 896 2506 Asinii
913 2445 987 2506 Galli
1010 2465 1073 2507 ora-

10 2541 153 2643 tione,
169 2537 274 2597 silente
284 2537 412 2617 Tiberio,
428 2538 523 2614 quiea
534 2535 690 2596 simulacra
700 2534 846 2595 libertatis
861 2537 977 2595 senatui
990 2552 1074 2613 prae-

10 2613 160 2686 b.ebat
188 2624 280 2684 valuit
294 2633 392 2684 tamen
406 2625 582 2684 intercessio
587 2625 684 2703 ,quia
702 2624 788 2684 divus
802 2624 977 2702 Augustus
968 2641 1074 2684 immu-

10 2690 42 2808 ξ’
63 2731 118 2772 nes
133 2711 290 2771 verberum
305 2711 465 2772 histriones
480 2710 629 2791 quondam
643 2712 845 2792 responderat,
860 2730 957 2790 neque
972 2712 1016 2772 las
1026 2712 1073 2772 Ti·
1088 2727 1114 2768 ro

19 2780 148 2861 berio
163 2799 324 2877 infringere
339 2799 453 2859 dicta
428 2817 500 2859 erus.
525 2799 561 2858 de
572 2799 663 2859 modo
669 2800 779 2860 lucaris
790 2808 820 2859 et
834 2799 975 2860 adversus
989 2799 1073 2860 lasci·

62 2891 139 2949 viam
155 2887 304 2948 lautorum
318 2886 409 2947 multa
424 2887 638 2968 decernuntur;
656 2906 691 2948 ex
712 2889 779 2966 quis
793 2889 919 2949 maxime
938 2891 1074 2968 insignia,

61 2997 99 3039 ne
115 2977 218 3037 domos
232 2977 480 3055 pantomimorum
494 2982 614 3035 senator
628 2977 774 3055 introiret,
789 2994 826 3036 ne
841 2976 1050 3054 egredientes
1042 2995 1073 3037 in

60 3065 215 3145 publicum
229 3066 345 3142 equites
356 3063 479 3124 Romani
494 3065 648 3143 cingerent
662 3072 712 3124 aut
726 3063 796 3124 alibi
810 3082 898 3143 quam
912 3067 943 3124 in
959 3064 1073 3124 theatro

134 3306 178 3373 to,
198 3311 214 3360 9
242 3303 380 3373 praesidii
400 3310 415 3359 1
433 3321 468 3361 m.
493 3307 498 3373 Ι
524 3310 558 3360 10
584 3302 616 3358 in
643 3306 707 3360 add.
725 3307 860 3375 inmorp.
886 3306 892 3372 l
918 3304 996 3370 77,1
1026 3311 1075 3360 out

60 3377 188 3448 proximo
217 3383 266 3430 aut
293 3374 386 3444 priore
404 3376 569 3431 Bormoono
596 3376 634 3430 od
659 3376 733 3431 Suet
758 3322 855 3430 Οῑαιιά.
874 3377 910 3429 33
933 3375 1075 3430 &lendum

60 3450 148 3505 aideb
150 3454 206 3501 tur
222 3449 258 3515 12
278 3446 328 3500 sed
346 3463 413 3502 corr.
428 3445 617 3516 resitetiam
633 3447 774 3516 Portitor),
793 3446 826 3513 os.
838 3445 1073 3519 Nipp.od1‚60l

61 3527 94 3575 11
115 3519 209 3574 edicta
228 3516 289 3571 eius
313 3517 411 3572 Wurm
