2392 3876
250 201 298 255 AB
316 198 477 256 Excusso
493 198 650 255 nucusrl
667 199 738 254 xlv.
758 206 872 256 40-44.
1000 200 1065 265 305

56 351 130 414 nihil
151 350 325 412 mutandum
344 347 543 410 censentibus.
571 366 607 408 ex
627 351 694 427 quis
713 349 743 410 C.
762 347 883 411 Cassius
901 351 1064 411 sententiae

56 441 166 502 locoin
180 439 260 500 hunc
273 437 395 498 modum
408 437 561 499 disseruit:
1079 457 1107 498 ro

123 525 175 590 43.
204 522 313 606 ‘Saepe
337 544 473 605 numero,
501 532 602 603 patres
625 527 799 607 conscripti,
826 529 858 587 in
881 526 938 588 hoc
961 527 1064 587 ordine

57 617 192 697 interlui,
211 634 279 677 cum
293 622 396 676 contra
410 615 545 676 instituta
560 620 590 674 et
603 613 684 692 leges
697 616 843 675 maiorum
857 633 932 676 nova
945 624 1066 676 senatus

57 707 176 768 decreta
194 703 429 784 postulereutur3
447 719 544 782 neque
564 720 630 763 sum
644 703 828 785 adversatus,
847 721 907 766 non
926 706 995 784 quia
1013 703 1066 764 du·

57 796 195 873 biturem,
219 810 310 872 super
333 790 470 852 omnibus
490 793 616 869 negotiis
634 791 740 852 melius
759 799 847 871 atque
866 794 978 854 rectius
997 792 1067 853 olim

56 885 209 963 provisum
224 890 254 942 et
267 898 342 959 quae
361 886 606 940 converterentur
620 883 652 941 iu
666 880 799 942 deterius
817 883 938 962 mutari,
958 881 1010 942 sed
1029 898 1093 942 nes

57 973 148 1033 nimio
169 987 268 1030 amore
287 969 402 1048 antiqui
419 969 511 1028 moris
525 967 657 1028 studium
671 987 771 1030 meum
785 970 926 1031 extollere
940 970 1066 1030 viderer.

58 1057 146 1121 simul
161 1057 304 1137 quidquid
318 1057 374 1117 hoc
388 1058 420 1116 in
434 1055 521 1117 nobis
534 1058 719 1118 auctoritatis
737 1066 797 1140 est,
817 1059 931 1120 crebris
949 1067 1066 1122 contra-

58 1146 238 1210 dictionibus
257 1145 470 1207 destruendum
488 1163 547 1205 non
567 1145 782 1228 existimabam,
800 1155 834 1208 ut
847 1156 981 1209 muneret
994 1151 1068 1208 inte·

58 1255 158 1319 grum,
177 1238 203 1297 si
222 1234 338 1315 quando
357 1252 407 1295 res
424 1233 542 1313 publica
561 1234 693 1295 consiliis
711 1237 849 1313 eguisset.
883 1237 961 1316 quod
979 1237 1067 1297 hodie

58 1328 169 1409 evenit,
188 1322 337 1386 consulari
350 1325 414 1383 viro
432 1322 512 1383 domi
530 1340 601 1384 suae
619 1323 775 1384 interiecto
794 1343 848 1404 per
866 1325 988 1385 insidias
1007 1343 1068 1386 ser·
1083 1342 1109 1382 ro

59 1414 140 1495 viles,
155 1431 228 1493 quas
242 1430 329 1473 nemo
343 1410 496 1492 prohibuit
509 1419 561 1472 aut
574 1410 706 1490 prodidit
715 1415 849 1491 quamvis
858 1413 990 1473 nondum
999 1431 1068 1473 con·

59 1521 147 1565 cosso
167 1499 453 1580 senatusconsulto,
473 1499 552 1578 quod
572 1499 750 1579 supplicium
770 1503 824 1564 toti
843 1500 969 1562 familiae
983 1503 1068 1562 mini·

60 1592 187 1653 tahatur.
225 1590 376 1650 decernite
399 1587 521 1649 hercule
544 1590 754 1668 inpunitatem:
777 1597 807 1651 at
830 1608 918 1669 quem
942 1589 1069 1669 dignitas

60 1698 113 1742 sua
140 1679 294 1759 desendet,
321 1696 390 1739 cum
416 1677 566 1756 praelecto
590 1677 674 1739 urbis
697 1696 756 1739 non
779 1675 949 1758 profuerit?
981 1696 1070 1758 quem

60 1785 202 1830 numerus
217 1784 372 1828 servorum
386 1765 532 1846 tuebitur,
551 1784 620 1827 cum
633 1764 795 1828 Pedanium
810 1767 980 1829 Secundum
999 1785 1069 1846 qua·
1084 1782 1111 1824 ro

59 1857 210 1934 dringenti
223 1873 284 1916 non
302 1851 509 1934 protexerint?
532 1857 581 1916 cui
599 1853 708 1916 familia
726 1873 812 1936 opem
832 1856 919 1937 leret,
940 1873 1071 1934 quaene

59 1948 91 2007 in
103 1953 186 2008 metu
201 1943 321 2023 quidem
334 1943 466 2023 pericula
480 1950 582 2003 nostra
596 1941 744 2005 advertit?
762 1962 813 2025 an,
832 1951 867 2005 ut
886 1943 1004 2023 quidam
1018 1944 1072 2005 iin-

59 2053 129 2113 gero
156 2051 217 2094 non
245 2031 439 2114 erubescunt,
462 2033 586 2093 iniurias
609 2049 678 2094 suas
706 2032 787 2095 ultus
814 2040 861 2095 est
888 2033 1072 2113 interlector,

60 2125 127 2203 quia
146 2123 183 2183 de
201 2129 326 2201 paterna
345 2123 473 2200 pecunia
490 2128 676 2200 transegerat
694 2129 745 2182 aut
763 2123 873 2183 avitum
891 2123 1071 2201 mancipium

60 2207 292 2272 detrahebatur?
317 2212 545 2290 pronuntiemus
573 2209 651 2271 ultro
679 2210 831 2272 dominum
859 2213 924 2271 iure
952 2228 1072 2271 caesum
1085 2225 1113 2266 ro

61 2298 162 2358 videri.

127 2383 180 2447 44.
202 2385 289 2447 Libet
307 2396 479 2465 argumenta
498 2389 674 2466 conquirere
693 2389 725 2446 in
743 2404 792 2467 eo,
816 2387 895 2465 quod
914 2389 1071 2466 sapientio-

61 2475 145 2536 ribus
164 2473 356 2534 deliberatum
378 2472 446 2536 est?
466 2475 518 2534 sed
540 2485 571 2535 et
591 2476 616 2534 si
634 2491 714 2535 nunc
733 2476 864 2552 primum
882 2475 1073 2536 statuendum

61 2563 251 2641 haberemus,
276 2561 436 2623 creditisne
456 2580 574 2623 serrum
592 2562 791 2621 interficiendi
808 2562 921 2623 domini
941 2564 1073 2622 animum

63 2652 238 2731 sumpsisse,
261 2656 378 2710 utnon
402 2668 457 2710 vox
480 2650 578 2710 minax
603 2649 766 2728 excideret,
789 2648 864 2709 uihil
881 2668 936 2729 per
954 2651 1072 2710 temeri·

61 2749 152 2802 tutem
166 2735 415 2818 proloqueretur?
438 2756 508 2799 sane
522 2736 679 2799 consilium
693 2736 863 2818 occultavit,
882 2737 975 2800 telum
992 2740 1099 2800 intero

61 2832 180 2908 ignaros
194 2829 321 2906 paravit:
339 2844 411 2888 num
425 2825 564 2888 excubias
579 2828 720 2907 transire,
739 2825 871 2888 cubiculi
883 2827 963 2888 iores
976 2827 1072 2889 reclu—
1161 2860 1163 2864 ·

62 2918 141 2997 dere,
154 2916 255 2977 lumen
265 2916 384 2997 inlerre,
399 2914 518 2977 caedem
533 2923 651 2994 patrnre
662 2916 932 2993 poteratomnibus
942 2918 1072 2981 nesciis?

132 3123 177 3191 42,
196 3130 213 3179 9
231 3120 408 3177 multandum
424 3123 428 3188 Ι
444 3119 490 3188 43,
505 3126 521 3174 5
539 3119 571 3174 in
588 3136 639 3176 cm.
656 3122 661 3190 Ι
678 3126 711 3175 10
725 3119 805 3176 uenit
820 3124 824 3191 Ι
842 3127 874 3176 13
889 3123 920 3175 at
934 3162 940 3175 .
956 3163 962 3176 .
977 3120 1072 3175 defen-

62 3195 111 3250 det
130 3195 312 3249 Puteolanus:
332 3193 383 3246 ut.
400 3235 406 3248 .
421 3191 557 3246 defendet
571 3193 576 3261 Ι
592 3208 656 3246 cum
675 3233 681 3246 .
700 3232 706 3245 .
724 3190 862 3262 profuerit
879 3194 962 3247 edem:
982 3191 1029 3247 cui
1042 3234 1049 3247 .
1064 3232 1078 3256 ,Ἴ

61 3263 168 3334 profuit
183 3267 187 3334 Ι
205 3270 238 3317 14
256 3261 399 3333 praefecto
418 3261 572 3318 Andreseu:
590 3261 749 3333 praefectus
768 3261 955 3333 (praefectura
974 3263 1073 3318 Puteo-

62 3337 154 3404 lanus)
171 3337 175 3404 Ι
193 3340 225 3389 16
244 3334 326 3399 ferat,
345 3351 392 3389 eut.
412 3333 579 3389 Puteolanus
600 3335 604 3402 Ι
627 3333 673 3401 44,
693 3341 709 3388 4
727 3332 910 3404 insumpsisse
929 3333 981 3402 (itu
999 3350 1072 3387 sum·

62 3404 151 3475 puisse
170 3404 270 3475 Ritter)
288 3408 292 3475 Ι
309 3411 324 3459 5
343 3404 424 3459 occul
451 3403 494 3458 uit
516 3405 614 3461 additu
635 3405 667 3458 tc
688 3406 721 3460 iu
737 3407 828 3474 spatio
845 3421 931 3460 uacuo
948 3421 982 3459 m.
1001 3409 1020 3460 2
1035 3406 1040 3474 Ι
1057 3411 1073 3460 6

62 3475 214 3532 transiret.
231 3520 237 3532 .
252 3476 429 3532 recluderet.
446 3519 451 3531 .
466 3473 627 3536 inferret..
646 3476 774 3546 patraret
791 3491 859 3533 corr.
877 3493 912 3531 m.
930 3476 1031 3532 recenti
1048 3481 1074 3530 et

62 3547 142 3620 culpo
157 3549 162 3616 Ι
179 3553 193 3603 7
211 3549 325 3617 poterut
342 3548 442 3604 addidi

118 3644 223 3686 rnorrr
236 3646 343 3689 russi.
826 3642 861 3691 20
944 3675 948 3683 -
