2392 3876
278 171 325 225 AB
344 169 505 226 EXCESSU
521 171 678 227 AUGUSTI
695 171 753 226 ΧΠ.
774 178 887 227 69-63.
1009 170 1073 235 24Ἱ

64 330 154 383 ventu
178 321 344 401 Aesculapii
371 328 465 382 artem
486 319 624 382 medendi
647 320 766 381 inlatam
789 320 974 399 maximeque
996 321 1076 381 iuter

65 420 201 491 posteros
221 412 285 470 eius
306 409 452 471 celebrem
472 410 576 489 luisse,
601 411 719 469 nomina
738 408 924 488 singulorum
942 407 1105 469 relerensa

66 507 96 560 et
110 498 217 578 quibus
232 501 357 578 quisque
372 497 518 559 aetatibus
532 499 703 576 viguissent.
737 500 809 576 quin
828 499 917 558 etiam
931 496 1005 556 dixit
1018 496 1074 557 Xe-

65 588 259 667 nophontem,
278 589 364 648 cuius
383 589 507 648 scientia
525 589 589 665 ipse
608 594 756 667 uteretur,
781 586 883 646 eadem
902 585 1011 645 familia
1030 602 1076 645 or-

66 686 142 757 tum,
161 676 360 756 precibusque
374 678 439 737 eius
453 675 595 754 dandum,
614 682 648 736 ut
661 676 742 735 omni
756 674 868 736 tributo
882 675 968 735 vacui
981 675 1012 735 in
1026 692 1093 752 po·-

65 775 181 827 sterum
190 763 242 826 Coi
253 782 366 826 sacram
381 772 411 825 et
424 771 539 824 tantum
553 762 602 823 dei
615 766 781 825 ministram
795 763 922 824 insulam
936 761 1076 824 colerent.
1100 830 1103 837 ,

65 871 163 933 neque
178 853 300 914 dubium
310 853 436 913 babetur
446 852 536 912 multa
547 852 709 913 eorundem
718 854 750 913 iu
759 852 901 932 populum
912 851 1077 912 Romanum
1091 865 1120 905 ιθ

66 946 172 1003 merita
186 944 340 1020 sociasque
354 943 493 1001 victorias
506 943 639 1018 potuisse
653 940 744 1002 tradi:
759 949 805 1002 set
818 939 972 1018 ClaudiuS,
987 939 1077 1001 sacili·
1153 1008 1155 1014 Ι

65 1039 127 1091 tate
143 1029 229 1089 solita
243 1030 322 1109 quod
336 1031 389 1090 uni
403 1036 604 1109 concesserat,
623 1029 711 1090 nullis
727 1032 912 1091 extrinsecus
927 1029 1077 1091 adiumen-

67 1121 106 1180 tis
121 1118 233 1178 velavit.

135 1204 186 1268 62.
210 1207 247 1266 At
266 1206 398 1285 Byzantii
417 1205 483 1266 data
502 1204 620 1266 dicendi
639 1208 735 1286 copia,
759 1224 826 1267 cum
845 1205 1078 1285 magnitudinem

67 1314 192 1358 onerum
207 1295 285 1374 apud
299 1301 434 1355 senatum
448 1292 689 1374 deprecarentur,
698 1301 810 1355 cuncta
820 1297 994 1372 repetivere.
1018 1294 1079 1354 orsi

67 1383 227 1464 aloedere,
241 1383 320 1462 quod
335 1382 489 1443 nobiscum
504 1384 629 1462 icerant,
645 1400 702 1461 qua
717 1389 892 1461 tempestate
906 1381 1079 1442 bellavimus
1095 1395 1097 1401 ’

69 1474 211 1533 adversus
226 1472 326 1549 regem
340 1469 547 1550 Macedonum,
567 1473 616 1530 cui
636 1478 669 1531 ut
683 1470 823 1548 degeneri
837 1468 1080 1548 Pseudophilippi

69 1559 243 1621 vocabulum
263 1561 437 1638 inpositum,
460 1561 565 1619 missas
583 1557 705 1637 posthac
724 1560 824 1636 copias
842 1561 874 1618 iu
892 1557 1107 1637 Antiochum,a

69 1650 190 1728 Persen,
204 1648 412 1726 Aristonicum,
428 1655 458 1707 et
472 1647 595 1725 piratico
611 1645 687 1706 bello
703 1646 835 1707 adiutum
846 1647 1006 1707 Antonium
1020 1663 1080 1705 me-

69 1736 236 1815 morabant,
256 1753 389 1814 quaeque
406 1735 503 1796 Sullae
522 1743 573 1796 aut
586 1734 710 1795 Lucullo
730 1742 781 1795 aut
799 1735 939 1814 Pompeio
959 1733 1080 1794 obtulis-

70 1834 149 1905 sent,
168 1843 236 1885 mox
255 1826 385 1884 recentia
404 1826 434 1884 in
450 1822 589 1885 Caesares
609 1826 726 1904 merita,
747 1822 863 1903 quando
878 1841 912 1883 ea
931 1822 995 1884 loca
1009 1823 1080 1882 insi-

70 1915 188 1994 derent,
208 1931 282 1992 quae
297 1912 548 1973 transmeantibus
563 1921 641 1973 terra
656 1914 789 1990 marique
804 1911 930 1973 ducibus
945 1912 1081 1974 exerciti·

70 2004 199 2082 busque,
214 2001 302 2062 simul
317 2001 449 2061 vehendo
464 2008 629 2061 commeatu
644 2007 810 2079 opportuna
825 2001 930 2061 forent.
1096 2015 1123 2055 ιο

137 2088 188 2152 63.
207 2090 339 2168 Namque
359 2091 507 2151 artissimo
526 2092 605 2150 inter
619 2088 768 2169 Europam
782 2088 940 2169 Asiamque
955 2088 1081 2149 divortio

70 2160 243 2259 Byzantiffin
261 2181 292 2238 in
312 2185 443 2239 extremo
463 2177 598 2257 Europae
616 2196 743 2257 posuere
763 2177 881 2258 Gracci,
901 2177 1010 2256 quibus
1028 2177 1082 2256 Py·

71 2270 166 2328 thium
184 2267 348 2346 Apollinem
367 2267 603 2346 consulentibuS,
623 2266 674 2326 ubi
693 2266 855 2327 conderent
874 2266 993 2346 urbem,
1016 2265 1082 2325 red·

72 2357 166 2417 ditum
185 2354 337 2415 oraculum
357 2363 414 2434 est,
434 2364 611 2432 quaererent
630 2355 729 2414 sedem
749 2372 905 2415 caecorum
924 2355 1015 2414 terris
1034 2353 1082 2414 ad·

71 2462 195 2506 versam.
223 2461 257 2503 ca
271 2442 392 2520 ambage
407 2441 596 2502 Chalcedonii
610 2442 859 2521 monstrabantur,
874 2443 952 2519 quod
967 2443 1082 2518 priores
1097 2457 1109 2497 5

72 2533 142 2593 illuc
168 2532 296 2609 advecti,
324 2531 458 2607 praevisa
482 2529 616 2589 locorum
641 2530 781 2610 ulilitate,
809 2531 911 2608 peiora
935 2528 1083 2606 legissent.

73 2622 183 2698 quippe
197 2618 370 2696 Byzantium
385 2616 476 2675 lertili
490 2616 561 2696 solo,
576 2616 703 2677 secundo
718 2620 800 2697 mari,
815 2619 884 2695 quia
900 2619 942 2676 vis
956 2617 1084 2695 piscium

73 2710 216 2786 inmensa,
229 2705 357 2764 Pontum
371 2721 531 2782 erumpens
547 2713 577 2764 et
591 2703 718 2783 obliquis
729 2704 832 2766 subter
843 2703 937 2765 undas
947 2707 1025 2765 saxis
1035 2723 1083 2765 ex-

73 2796 191 2873 territa,
210 2795 318 2853 omisso
339 2791 461 2852 alterius
479 2792 576 2853 litoris
594 2792 672 2854 llexu
691 2792 745 2854 bos
764 2792 800 2853 ad
818 2800 924 2872 portus
942 2793 1083 2854 defertur.

73 2882 153 2945 uude
167 2884 263 2961 primo
278 2883 450 2959 quaestuosi
464 2891 494 2941 et
508 2879 653 2961 opulenti3
666 2890 734 2960 post
748 2881 950 2961 magnitudine
960 2901 1084 2943 onerum
1099 2898 1127 2937 ιο

74 2979 221 3051 urguente
236 2971 325 3030 finem
339 2978 390 3030 aut
404 2970 523 3030 modum
542 2969 678 3050 orabant,
697 2972 847 3032 adnitente
866 2973 1015 3052 principe,
1034 2973 1085 3050 qui

144 3160 190 3227 cl,
211 3157 424 3223 reueheretur,
443 3175 490 3213 em.
510 3157 624 3227 Ia'psius
640 3161 644 3228 Ι
662 3165 693 3212 11
712 3157 838 3228 potuime
857 3158 933 3213 trudi
953 3159 996 3212 set
1013 3158 1085 3213 Rbe-

73 3247 182 3288 ucuus:
197 3227 337 3299 potuisset
354 3228 519 3283 tradidisset
534 3230 539 3296 l
555 3229 599 3296 62,
619 3236 635 3283 3
654 3228 786 3297 iecerunt,
806 3230 842 3296 cf.
854 3233 880 3294 4,
894 3233 931 3284 65
949 3228 1094 3297 (fecerent.

73 3302 197 3370 Ernesti)
214 3305 218 3370 l
235 3299 455 3356 ‘lmemorabant
463 3314 590 3368 quaeque
600 3299 760 3356 Acidoliusz
774 3299 1002 3368 memorabantq3
1013 3316 1085 3368 quae

76 3373 80 3440 l
102 3372 147 3440 68,
166 3378 183 3426 2
202 3373 325 3427 extremo
345 3372 443 3427 Tbeod.
466 3369 558 3439 Opiter:
582 3372 705 3426 extrema
731 3371 867 3441 (extrema
884 3369 998 3440 Europa
1015 3371 1086 3426 Rbe-

73 3443 175 3512 uareus)
200 3444 205 3511 Ι
229 3449 247 3497 4
274 3457 420 3498 caecorum
447 3441 610 3497 Rhenanus:
638 3458 802 3512 graecorum
826 3443 831 3511 Ι
857 3447 873 3496 6
899 3458 1000 3512 parum
1025 3441 1087 3496 dau

74 3512 189 3582 Lepsios
204 3515 209 3582 Ι
225 3517 241 3567 8
260 3513 388 3567 inmensa
406 3512 537 3582 Ruperti:
556 3511 587 3567 in
603 3513 680 3568 mela
