2392 3876
266 211 314 266 AB
332 209 492 266 EXGESSU
511 210 666 266 budusin
684 201 876 269 XV.'25-28.
1015 214 1079 277 331

139 360 191 424 27.
213 360 281 421 Mox
304 362 361 420 iter
379 358 411 419 L.
430 358 554 421 Lucullo
578 360 727 438 quondam
745 367 947 440 penetratum,
970 364 1081 440 apertis

72 469 147 530 qnae
161 457 293 512 vetustas
308 446 510 528 obsaepserat,
528 450 634 527 pergit.
662 455 692 509 et
706 450 858 509 venientes
870 448 1012 509 Tiridatis
1026 448 1081 509 Vo-

72 540 238 619 logesisque
253 537 289 598 de
303 555 376 616 pace
389 535 502 614 legatos
516 535 593 597 haud
609 544 783 615 aspernatus
787 583 796 618 ,
816 536 949 616 adiungit
962 538 1000 597 iis
1014 555 1081 598 cen-

73 631 206 690 turiones
226 645 294 687 cum
312 625 458 686 mandatis
476 643 536 686 non
554 624 721 686 inmitibus:
744 642 800 686 nec
824 628 903 686 enim
926 625 1022 686 adhuc
1045 644 1081 686 co

73 723 206 796 ventum,
229 723 263 775 ut
281 716 442 775 certamine
461 720 593 774 extremo
612 730 687 792 opus
706 721 793 775 esset.
832 713 924 774 multa
942 713 1109 775 Romaniss

73 805 216 885 secunda,
235 802 378 884 quaedam
392 801 510 862 Parthis
524 803 671 883 evenisse,
686 802 863 864 documento
878 802 1020 883 adversus
1034 821 1082 863 su·

27 902 34 919 ·
73 893 214 972 perbiam.
241 891 365 970 proinde
385 897 415 950 et
428 889 554 950 Tiridati
571 891 737 952 conducere
756 893 901 953 intactum
914 893 1082 952 vastationi-

73 982 130 1043 bus
153 996 278 1058 regnum
302 979 380 1038 dono
403 981 551 1059 accipere,
574 985 605 1039 et
626 978 789 1058 Vologesen
812 979 919 1041 melius
942 982 1082 1040 societate

73 1069 203 1131 Romana
222 1085 310 1148 quam
328 1067 443 1127 damnis
456 1069 568 1128 mutuis
582 1070 664 1146 genti
676 1067 854 1130 Parthorum
868 1068 1082 1131 consulturum.

74 1160 311 1239 scire,quantum
318 1157 399 1216 intus
409 1155 626 1217 discordiarum
635 1174 781 1236 quamque
790 1157 949 1218 indomitas
960 1165 990 1218 et
999 1175 1084 1236 prae·
1099 1177 1123 1215 ro

73 1248 190 1308 feroces
212 1247 348 1306 nationes
370 1252 501 1322 regeret:
529 1251 632 1305 contra
655 1247 827 1323 imperatori
852 1264 906 1307 suo
932 1248 1082 1307 immotam

74 1336 185 1415 ubique
199 1352 303 1414 pacem
322 1340 352 1394 et
370 1351 463 1394 unum
476 1332 506 1393 id
521 1332 632 1394 bellum
645 1350 719 1394 esse.
748 1333 836 1394 simul
851 1333 974 1395 consilio
988 1343 1083 1395 terro-

73 1441 138 1485 rem
156 1423 285 1502 adicere,
304 1429 335 1482 et
352 1424 530 1499 megistanas
544 1421 711 1502 Armenios,
730 1424 782 1500 qui
800 1424 890 1501 primi
904 1442 921 1483 a
935 1421 1020 1483 nobis
1035 1422 1084 1482 do·

74 1514 219 1591 fecerant,
237 1510 320 1590 pellit
334 1509 467 1589 sedibus,
482 1509 601 1571 castella
615 1528 719 1571 eorum
733 1510 877 1591 excindit,
895 1510 982 1589 plana
997 1510 1084 1591 edita,

74 1599 185 1661 validos
199 1599 401 1678 invalidosque
415 1600 481 1678 pari
493 1605 575 1659 metu
589 1598 725 1677 complet.
1099 1615 1124 1655 15

142 1685 193 1750 28.
207 1686 273 1748 Non
286 1687 436 1747 infensum
450 1705 505 1747 neo
520 1705 588 1748 oum
601 1686 702 1747 hostili
712 1687 779 1747 odio
790 1686 967 1749 Corbulonis
976 1706 1084 1748 nomen

76 1780 164 1838 etiam
177 1775 311 1837 barbaris
324 1775 500 1856 habebatur,
519 1790 614 1856 coque
629 1775 785 1836 consilium
799 1778 864 1837 eius
878 1776 970 1837 fidum
984 1777 1085 1836 crede·

76 1866 154 1926 bant.
192 1883 262 1943 ergo
281 1862 439 1943 Vologeses
461 1881 558 1943 neque
577 1872 660 1925 atrox
679 1866 711 1925 in
729 1883 887 1944 summam,
911 1872 942 1927 et
964 1864 1084 1944 quibus-

69 1954 142 2015 'dam
156 1954 351 2032 praefecturis
361 1952 490 2013 indutias
499 1955 587 2032 petit:
602 1952 749 2014 Tiridates
758 1954 857 2014 locum
866 1953 1005 2032 diemque
1016 1970 1084 2014 oon·

74 2043 174 2122 loquio
188 2044 293 2122 poscit.
320 2049 438 2120 tempus
452 2043 666 2122 propinquum,
685 2041 782 2122 loona,
801 2044 832 2102 in
847 2061 905 2121 quo
921 2037 1020 2121 nuper
1035 2040 1112 2102 oba

75 2149 174 2192 sessae
189 2149 257 2191 cum
271 2128 360 2191 Paeto
374 2129 506 2208 legiones
521 2137 618 2212 erant,
633 2148 701 2191 cum
715 2129 850 2191 barbaris
859 2129 992 2191 delectus
1007 2137 1087 2191 esset

75 2220 112 2280 ob
126 2222 299 2280 memoriam
312 2219 444 2280 laetioris
462 2219 521 2280 sibi
539 2222 596 2300 rei,
615 2218 743 2281 Corbulo
763 2238 822 2280 non
842 2222 956 2300 sitavit,
975 2227 1008 2280 ut
1027 2219 1085 2279 dis-

76 2307 237 2366 similitudo
261 2307 396 2368 fortunae
420 2308 543 2385 gloriam
565 2315 695 2386 augeret.
741 2326 837 2387 neque
860 2309 980 2368 infamia
1004 2307 1086 2368 Paeti
1164 2289 1176 2316 ⁰

76 2393 251 2474 angebatur,
274 2395 353 2473 quod
377 2413 412 2456 eo
434 2398 559 2456 maxime
582 2399 693 2476 patuit,
715 2399 783 2474 quia
802 2395 862 2456 filio
881 2399 946 2457 eius
965 2395 1085 2457 tribuno

76 2483 186 2544 ducere
204 2481 369 2559 manipulos
388 2490 477 2560 atque
495 2486 612 2562 operire
631 2483 773 2562 reliquias
791 2482 884 2544 malae
902 2501 1019 2562 pugnae
1033 2486 1086 2543 im·
1101 2502 1125 2540 ro

76 2573 198 2650 peravit.
226 2570 273 2630 die
287 2578 373 2649 pacta
387 2570 525 2631 Tiberius
539 2571 711 2650 Alexander,
725 2570 862 2632 inlustris
876 2589 968 2651 eques
982 2570 1086 2631 Roma-

76 2677 146 2740 nus,
165 2661 301 2719 minister
318 2657 396 2718 bello
415 2659 514 2738 datus,
534 2667 564 2720 et
577 2658 747 2720 Vinicianus
765 2660 893 2740 Annius,
911 2677 1003 2738 gener
1017 2659 1087 2721 Gor-

76 2747 207 2828 bulonis,
226 2746 358 2808 nondum
376 2749 523 2807 senatoria
542 2754 649 2827 aetate,
668 2755 714 2807 set
731 2765 787 2828 pro
801 2748 897 2826 legato
912 2750 1033 2829 quintae
1046 2749 1086 2809 le·

76 2837 158 2913 gioni
170 2838 331 2914 inpositus,
349 2837 381 2896 in
395 2843 492 2897 castra
506 2835 645 2897 Tiridatis
660 2853 781 2917 venere,
800 2835 907 2897 honori
921 2840 986 2898 eius
1000 2856 1034 2900 ac
1049 2856 1086 2897 ne

76 2931 223 2985 metueret
250 2924 371 2985 insidias
399 2924 451 2986 tali
476 2927 614 3006 pignore,
641 2926 738 2986 viceni
765 2925 872 2986 debinc
898 2928 1014 3006 equites
1038 2926 1086 2986 ad·
1101 2942 1126 2982 15

146 3201 193 3269 tt,
213 3207 229 3256 6
248 3199 406 3255 docimento
431 3204 436 3270 l
461 3207 477 3256 't
496 3201 612 3270 perinde
637 3203 642 3270 Ι
667 3207 684 3258 8
702 3200 851 3271 uologasea
876 3203 881 3271 Ι
909 3207 942 3256 14
959 3200 1085 3272 palluit!

75 3272 122 3339 28,
143 3279 157 3326 1
176 3288 228 3325 nec
247 3273 321 3342 cum]
345 3271 448 3325 nodum
466 3272 580 3340 Io'pac'ua
595 3274 600 3340 Ι
616 3278 633 3327 6
652 3274 697 3326 eat
719 3273 791 3342 (tum
813 3271 942 3326 barbaric
961 3270 1087 3326 delectus

76 3343 190 3397 eat-loc.
208 3342 371 3408 Gronovius,
390 3345 453 3397 item
465 3342 623 3412 Dodonia,
641 3344 688 3398 aed
706 3343 750 3397 bic
768 3344 853 3398 deleto
871 3345 945 3412 oum)
962 3349 966 3410 Ι
982 3350 998 3398 'l
1016 3341 1088 3398 vita-

76 3410 120 3467 vit
137 3412 255 3468 Beato:
273 3412 380 3467 ditatus
400 3412 563 3480 (Corbuloni
580 3429 637 3467 non
653 3411 761 3468 vitatus
780 3413 923 3484 Agricola)
939 3415 945 3484 Ι
961 3421 994 3469 12
1009 3413 1087 3468 Vini-

76 3481 173 3606 clpanuc
187 3483 277 3610 Rylclo:
292 3483 422 3538 uinianus
438 3487 443 3553 t
460 3490 492 3538 13
508 3484 616 3538 aetates
631 3484 679 3553 etl
699 3490 731 3538 14
743 3482 844 3538 honori
853 3484 979 3554 Ia‘pafua:
998 3484 1088 3539 honor

76 3559 86 3624 (
107 3569 191 3608 onore
211 3559 258 3625 a.)
