2392 3876
275 189 323 243 AB
342 188 503 245 Excusso
519 188 676 245 AUGUSTI
693 190 739 245 IV.
759 197 838 246 2-6,
1015 190 1079 256 125

69 337 200 398 cordiam
219 356 297 419 esse,
319 356 432 418 aequus
446 337 687 400 adulescentibus
701 347 753 400 aut
767 347 848 401 certe
863 357 922 399 non
938 338 1079 400 adversus

69 425 241 487 habebatur.
276 429 353 488 exim
372 435 457 488 vetus
477 434 508 487 et
527 444 614 505 saepe
633 427 803 488 simulatum
822 428 1031 506 proficiscendi
1048 431 1080 488 in

68 517 235 594 provincias
242 514 399 576 consilium
406 516 545 576 refertur.
557 515 776 576 multitudinem
781 524 989 577 veteranorum
996 534 1079 596 prae-

69 603 187 665 texebat
209 605 369 683 imperator
392 612 423 665 et
443 602 601 665 dilectibus
619 604 800 684 supplendos
825 606 989 666 exercitus:
1010 622 1079 665 nam

68 692 266 773 voluntarium
280 693 404 753 militem
418 692 530 771 deesse,
545 709 579 752 ac
594 695 619 752 si
634 693 818 773 suppeditet,
832 711 891 755 noo
907 694 1009 754 eadem
1022 694 1080 753 vir·
1095 707 1120 745 10

68 789 132 842 tute
142 800 176 841 ac
187 781 330 842 modestia
345 798 441 861 agere,
456 783 525 860 quia
539 780 714 861 plerumque
728 784 832 861 inopes
847 800 881 842 ac
895 784 961 860 vagi
976 789 1079 860 sponte

69 869 202 930 militiam
223 877 348 930 sumant.
380 872 610 948 percensuitque
630 873 741 931 cursim
755 888 912 931 numerum
931 870 1081 948 legionum

69 967 100 1018 et
114 975 188 1035 quas
201 958 370 1036 provincias
385 965 563 1019 tutarentur.
591 959 669 1037 quod
688 957 762 1019 mihi
780 977 898 1038 quoque
917 976 1079 1037 exsequen-

70 1045 141 1106 dum
156 1064 232 1125 reor,
247 1065 322 1125 quac
336 1053 408 1107 tuno
423 1047 553 1108 Romana
568 1050 652 1125 copia
666 1049 815 1126 inarmis,
831 1050 883 1126 qui
897 1049 971 1107 socii
985 1064 1079 1126 reges,

70 1145 180 1213 quanto
195 1136 234 1195 sit
249 1136 403 1214 angustius
417 1138 628 1214 imperitatum.
1095 1147 1120 1187 15

136 1220 166 1284 5.
185 1222 297 1284 ltaliam
316 1234 443 1302 utreque
464 1227 538 1283 mari
556 1224 631 1284 duae
650 1223 769 1302 classes,
786 1223 933 1285 Misenum
952 1223 1030 1302 apud
1050 1231 1080 1282 et

69 1312 251 1393 Ravennam,
269 1315 497 1391 proximumque
512 1311 620 1371 Galliae
639 1312 711 1372 litus
729 1319 873 1372 rostratae
891 1329 982 1372 naves
996 1330 1079 1390 prae-

70 1399 218 1478 sidebant,
238 1417 311 1478 quas
325 1399 444 1459 Actiaca
463 1401 586 1459 victoria
605 1406 706 1478 captas
719 1398 870 1477 Augustus
888 1401 920 1459 in
938 1399 1080 1478 oppidum

70 1485 274 1546 Foroiuliense
298 1490 419 1547 miserat
441 1486 535 1546 valido
559 1505 627 1546 cum
649 1488 770 1565 remige.
812 1487 862 1547 sed
886 1489 1081 1565 praecipuum

70 1573 163 1634 robur
177 1574 314 1634 Rhenum
331 1576 425 1655 iuxta,
444 1592 600 1634 commune
619 1576 650 1633 in
665 1574 827 1634 Germanos
841 1574 998 1652 Gallosque
1012 1573 1080 1634 sub·
1108 1588 1120 1628 5

71 1662 193 1743 sidium,
216 1670 283 1723 octo
306 1661 437 1742 legiones
461 1671 554 1723 erant.
590 1661 747 1742 Hispaniae
770 1680 876 1723 recens
898 1662 1081 1741 perdomitae

71 1751 168 1812 trihus
182 1750 375 1812 habebantur.
398 1751 517 1811 Mauros
531 1750 602 1823 luha
617 1769 671 1812 rex
685 1758 840 1830 acceperat
854 1751 965 1812 donum
979 1749 1091 1830 populi¹

70 1840 202 1900 Romani.
236 1848 334 1900 cetera
355 1840 471 1899 Africae
491 1857 545 1919 per
568 1839 642 1900 duas
661 1839 793 1919 legiones
813 1842 937 1919 parique
957 1857 1080 1899 numero

70 1929 234 2009 Aegyptus,
254 1927 361 1989 dehinc
379 1930 464 1989 initio
483 1927 519 1988 ab
535 1928 639 1989 Suriae
656 1946 754 2007 usque
772 1927 808 1988 ad
822 1929 932 1990 llumen
947 1926 1080 2006 Euphra-

70 2028 135 2097 ten,
150 2025 292 2095 quantnm
307 2019 420 2096 ingenti
435 2026 582 2077 terrarum
597 2019 664 2078 sinu
680 2016 822 2097 ambitur,
836 2025 977 2096 quattuor
991 2017 1079 2095 legio·
1095 2031 1120 2070 10

71 2106 158 2167 nibus
182 2107 322 2185 coercita,
346 2105 454 2166 accolis
480 2103 590 2166 Hibero
613 2105 785 2185 Albanoque
809 2114 840 2167 et
862 2106 926 2167 aliis
950 2105 1080 2184 regibus,

70 2197 123 2274 qui
141 2194 341 2272 magnitudine
359 2202 461 2254 nostra
479 2204 677 2273 proteguntur
700 2194 856 2255 adversum
879 2203 1001 2255 externa
1026 2196 1079 2254 im·

70 2285 159 2362 peria.
195 2291 224 2342 et
242 2282 414 2343 Thraeciam
433 2282 656 2344 Rhoemetalces
677 2301 711 2343 ac
731 2282 818 2342 liberi
838 2281 952 2362 Cotyis,
973 2284 1080 2362 ripam-

70 2390 128 2449 que
143 2370 266 2432 Danuvii
279 2370 428 2449 legionum
447 2371 522 2431 dnae
540 2373 572 2431 in
586 2370 749 2450 Pannonia,
770 2371 844 2432 duae
864 2373 894 2431 in
907 2370 1019 2432 Moesia
1038 2380 1079 2433 at·

70 2459 216 2540 tinebant,
234 2460 357 2519 totidem
373 2459 449 2538 apud
465 2458 637 2519 Delmatiam
651 2458 767 2538 locatis,
782 2477 857 2537 quae
871 2461 971 2538 positu
985 2460 1079 2537 regio·
1095 2470 1120 2512 15

71 2550 118 2608 nis
136 2567 152 2608 a
171 2554 255 2625 tergo
273 2545 344 2626 illis,
368 2565 402 2606 ac
420 2548 446 2606 si
464 2548 652 2625 repentinum
674 2546 814 2607 auxilinm
833 2545 917 2607 ltalia
934 2555 1080 2625 posceret,

70 2636 149 2697 haud
164 2634 268 2712 procul
282 2637 459 2713 accirentur,
473 2651 650 2712 quamquam
665 2634 808 2695 insideret
821 2633 926 2694 urbem
941 2635 1080 2712 proprius

71 2722 165 2799 miles,
179 2729 241 2780 tres
251 2720 391 2801 urbanae,
406 2739 510 2782 novem
521 2723 686 2799 praetoriae
695 2721 842 2802 oohorteS,
857 2720 977 2783 Etruria
986 2723 1079 2783 forme

71 2808 250 2887 Umbriaque
274 2809 404 2870 delectae
428 2819 479 2870 aut
501 2817 601 2871 vetere
624 2809 707 2870 Latio
727 2816 757 2870 et
775 2809 898 2871 coloniis
916 2813 1079 2892 antiquitus

70 2899 218 2959 Romanis
247 2907 276 2958 at
294 2898 370 2978 apud
389 2898 495 2959 idonea
508 2900 728 2979 provinciarum
741 2900 838 2960 sociae
853 2902 991 2961 triremes
1005 2901 1078 2961 alae·
1093 2913 1119 2952 20

70 3007 129 3068 que
148 2998 179 3048 et
197 2987 302 3048 auxilia
322 2987 501 3068 cohortium,
520 3005 617 3066 neque
637 2987 731 3048 multo
750 3005 836 3049 secus
854 2990 885 3049 in
904 2991 940 3049 iis
958 2991 1079 3049 virium:

70 3078 122 3137 sed
142 3079 282 3156 persequi
301 3079 450 3137 incertum
467 3076 533 3159 luit,
553 3095 620 3137 cum
639 3095 676 3137 ex
695 3093 752 3138 usu
770 3079 914 3158 temporis
933 3077 991 3138 huc
1009 3076 1079 3137 illuc

69 3173 216 3245 mearent,
230 3165 390 3244 gliscerent
404 3182 529 3225 numero
544 3173 574 3226 et
588 3165 744 3244 aliquando
758 3169 972 3227 minuerentur.

80 3243 105 3341 ts
137 3252 165 3316 6.
189 3253 362 3334 Congruens
385 3253 562 3315 crediderim
586 3272 743 3316 recensere
763 3262 879 3316 ceteras
898 3270 1016 3331 quoque
1034 3254 1080 3313 rei

140 3389 167 3455 ὅ,
187 3395 203 3442 2
222 3390 381 3443 constratae
405 3388 565 3459 Nipperdey
589 3391 594 3457 1
619 3395 635 3443 9
659 3388 756 3442 Suriae
776 3389 918 3442 Muretus:
948 3385 1035 3452 suria,
1054 3404 1079 3442 v.

70 3459 229 3540 Nipperdey
247 3461 285 3515 ad
303 3464 329 3526 3,
344 3464 381 3515 72
398 3464 401 3528 l
421 3465 452 3514 te
471 3458 590 3514 coloniis
603 3459 731 3529 Lipsius:
751 3456 858 3513 colonis
875 3457 879 3527 l
895 3463 928 3510 22
943 3456 1080 3512 incertum

68 3530 156 3584 luent
173 3530 298 3600 Lipsius,
316 3535 348 3586 eet
366 3537 404 3586 eet
423 3535 465 3598 15,
484 3534 519 3585 41
562 3541 565 3546 '
955 3576 962 3592 .
