2392 3876
295 171 342 223 AB
361 169 523 224 EXCESSU
540 169 695 226 AUGUSTI
712 171 758 227 XI.
778 177 890 230 ao-et.
1034 173 1100 238 215

93 338 182 398 gnara
197 319 318 381 Claudio
338 326 444 380 cuncta
462 327 493 380 et
511 321 612 379 venire
633 326 804 398 promptum
823 319 929 381 ultioni
943 321 1100 382 adferrent.

94 410 184 487 igitur
206 407 360 468 Messalina
378 407 567 468 Lucullianos
586 408 618 468 in
637 407 751 487 hortos,
776 407 866 468 Silius
889 409 1101 471 dissimulando

92 505 173 557 metu
188 497 223 557 ad
238 497 337 557 munia
352 496 409 556 fori
419 495 636 574 digrediuntur.
659 498 768 557 ceteris
782 498 893 575 passim
903 497 1101 558 dilabentibus

92 586 212 646 adfuere
226 586 429 666 centuriones,
448 585 599 663 inditaque
618 593 689 647 sunt
707 585 814 665 vincla,
836 593 870 645 ut
888 588 954 664 quis
973 589 1128 665 repenle-5

93 674 180 736 batur
199 677 229 734 in
247 673 366 753 publico
385 681 436 735 aut
456 691 510 752 per
524 673 659 734 latebras.
691 672 847 734 Messalina
866 680 977 755 tamen,
1002 693 1101 753 quam-

92 782 180 842 quam
194 781 243 824 res
257 762 395 824 adversae
411 761 567 822 consilium
581 764 758 843 eximerent,
777 764 821 823 ire
836 761 951 822 obviarn
966 771 995 823 et
1009 765 1102 842 aspici

92 854 241 932 amarito,
261 850 340 930 quod
360 869 446 929 saepe
462 850 627 911 subsidium
641 850 792 932 habuerat,
810 850 889 911 haud
909 853 1040 929 segniter
1060 855 1101 911 in-

92 941 186 1002 tendit
205 941 344 1018 misitque
363 946 397 999 ut
414 938 603 999 Britannicus
621 948 651 1000 et
664 937 783 1000 Octavia
802 941 833 1000 in
853 938 1038 1018 complexum
1052 958 1101 1018 pa·

93 1031 147 1090 tris
165 1035 333 1106 pergerent·
365 1034 395 1087 et
413 1026 569 1107 Vibidiam,
593 1029 740 1106 virginum
758 1026 917 1088 Vestalium
938 1031 1142 1089 vetustissi-10

93 1135 183 1196 mam,
198 1116 292 1176 oravit
306 1116 455 1193 pontificis
469 1117 589 1176 maximi
602 1134 689 1177 aures
704 1117 794 1196 adire,
815 1116 1001 1177 clementiam
1015 1136 1101 1196 expe·

93 1215 165 1267 tere.
189 1213 277 1284 atque
291 1204 419 1285 interim,
435 1203 531 1264 tribus
541 1206 660 1264 omnino
671 1204 929 1265 comitantibus—
940 1206 969 1266 id
979 1214 1102 1285 repente

93 1295 261 1356 solitudinis
280 1300 397 1353 erat-
415 1293 543 1371 spatium
562 1291 646 1353 urbis
664 1293 791 1372 pedibus
809 1311 940 1373 emensa,
958 1294 1102 1374 vehiculo,

94 1403 151 1462 quo
162 1389 354 1461 purgamenta
364 1381 519 1440 hortorum
529 1382 727 1458 excipiuntur,
741 1379 908 1441 Ostiensem
918 1384 993 1441 viam
1004 1385 1102 1462 intrat,

94 1471 172 1531 nulla
196 1472 370 1548 cuiusquam
394 1469 608 1549 misericordia,
637 1471 706 1547 quia
728 1467 906 1547 flagitiorum
930 1469 1101 1530 deformitas
1117 1482 1142 1522 1⁵

94 1557 286 1638 praevalebat.

160 1644 211 1708 33.
230 1644 446 1724 Trepidabatur
465 1645 557 1706 nihilo
576 1647 674 1706 minus
692 1664 709 1705 a
728 1645 865 1707 Caesare:
885 1649 994 1725 quippe
1013 1645 1102 1706 Getae

93 1737 235 1815 praetorii
248 1734 398 1813 praefecto
414 1734 492 1794 haud
507 1735 578 1794 satis
593 1733 735 1815 fidebant,
754 1735 790 1796 ad
809 1733 932 1796 honesta
947 1753 999 1795 seu
1014 1751 1102 1812 prava

94 1828 174 1886 iuxta
192 1823 257 1884 levi.
295 1840 365 1900 ergo
383 1820 553 1902 Narcissus,
577 1823 740 1901 adsumptis
764 1822 872 1902 quibus
896 1823 974 1883 idem
997 1830 1102 1903 metus,

93 1932 152 1975 non
166 1911 250 1973 aliam
266 1929 349 1990 spem
364 1911 573 1972 incolumitatis
588 1910 721 1972 Caesaris
740 1912 886 1992 adfirmat,
904 1930 993 1990 quam
1012 1914 1037 1972 si
1056 1914 1102 1972 ius

93 2001 220 2063 militurn
235 2019 294 2061 uno
308 1999 358 2059 illo
373 2000 420 2061 die
435 2001 466 2059 in
480 1999 607 2078 aliquem
621 2000 795 2061 libertorum
810 2000 995 2081 transferret,
1012 2018 1102 2079 seque
1117 2013 1130 2054 s

93 2092 179 2152 offert
194 2098 412 2168 suscepturum.
440 2107 474 2150 ac
489 2107 535 2168 ne,
555 2088 625 2149 dum
640 2090 671 2149 in
686 2089 790 2149 urbem
805 2088 965 2167 revehitur,
987 2088 1021 2149 ad
1036 2107 1103 2167 pae-

93 2181 247 2240 nitentiam
261 2196 277 2238 a
293 2177 323 2239 L.
339 2176 453 2238 Vitellio
468 2185 498 2238 et
512 2176 606 2256 Largo
621 2177 745 2238 Caecina
760 2184 935 2259 mutaretur,
953 2179 985 2237 in
999 2178 1102 2237 eodem

94 2269 255 2345 gestamine
270 2266 369 2326 sedem
384 2267 480 2344 poscit
493 2265 726 2345 adsumiturque.

160 2352 210 2416 34.
230 2354 339 2415 Crebra
358 2363 426 2433 post
443 2354 516 2414 baec
532 2354 606 2414 fama
621 2355 690 2434 fuit,
712 2357 790 2415 inter
808 2355 940 2415 diversas
959 2357 1103 2433 principis

93 2463 188 2522 voces,
204 2462 272 2504 curn
286 2443 373 2503 modo
387 2445 538 2503 incusaret
551 2442 660 2520 flagitia
680 2445 796 2521 uxoris,
814 2442 970 2521 aliquando
990 2442 1025 2502 ad
1043 2461 1102 2503 me-

93 2535 217 2592 moriam
240 2532 370 2609 coniugii
388 2539 418 2590 et
441 2529 593 2590 infantiam
616 2529 777 2591 liberorum
801 2529 1015 2607 revolveretur,
1043 2547 1102 2590 nou

94 2619 172 2679 aliud
195 2618 384 2699 prolocutum
402 2616 549 2678 Vitellium
572 2636 659 2696 quam
678 2614 707 2677 ‘o
726 2616 854 2678 facinus!
877 2612 1036 2678 oscelusl'
1060 2619 1102 2678 in·

93 2707 189 2767 stabat
207 2705 325 2784 quidem
339 2705 495 2766 Narcissus
514 2707 643 2783 aperiret
657 2705 793 2784 ambages
808 2712 838 2766 et
852 2707 914 2766 veri
928 2707 1042 2784 cupiam
1063 2706 1101 2767 fa·
1116 2718 1129 2760 5

93 2802 188 2856 ceret:
203 2794 255 2854 sed
271 2811 329 2854 non
344 2794 410 2854 ideo
424 2795 558 2873 pervicit,
573 2797 645 2872 quin
660 2812 803 2872 suspensa
813 2801 844 2855 et
852 2813 911 2874 quo
922 2795 1103 2856 ducerentur

96 2882 274 2944 inclinatura
289 2882 484 2961 responderet
497 2881 690 2962 exemploque
704 2884 769 2943 eius
779 2881 891 2962 Largus
901 2882 1026 2945 Caecina
1040 2891 1103 2951 ute·

163 3090 208 3156 ae,
228 3096 244 3144 a
264 3087 425 3155 lucilianus,
449 3105 495 3146 aa.
514 3089 669 3144 nautae
684 3093 688 3157 ι
705 3095 721 3144 a
739 3088 872 3157 mareque
890 3090 1001 3159 corpu:
1027 3072 1130 3155 misr-J

93 3177 146 3244 que
155 3178 229 3244 corr.
240 3165 304 3217 m.2
320 3162 350 3214 ln
364 3158 506 3241 missique,
522 3160 556 3227 cf.
568 3160 605 3215 Η,
617 3164 643 3224 4,
652 3163 690 3214 20
705 3187 709 3226 t
728 3165 761 3214 14
771 3158 949 3259 excipiuntur
958 3159 1103 3214 Heinsius:

91 3232 248 3371 bibli
261 3228 1104 3370 lebildttttltlltlndtttttttddtttttttltt

92 3371 211 3426 refertur
224 3373 332 3440 Baiter)
348 3375 353 3442 Ι
370 3379 385 3428 't
405 3374 433 3426 et
452 3373 624 3442 Nipperdey:
643 3370 675 3427 Ρ.
689 3375 726 3439 18
746 3370 951 3440 assumiturque
970 3371 1102 3428 wotene:

92 3442 444 3584 qqaeqqqqtquefaqqqqnitque
463 3444 510 3512 al.)
535 3443 540 3514 Ι
564 3442 610 3509 84,
631 3441 809 3512 deperiret.
825 3485 830 3498 .
846 3441 953 3496 faceret
973 3443 1103 3515 Madvig:
