2392 3876
115 172 176 236 136
463 169 632 226 CORNELII
649 168 769 225 TAOITI

110 318 215 400 pedes,
238 320 398 399 dispositae
412 326 541 398 turmae,
570 326 676 378 cuncta
689 317 802 398 proelio
824 318 956 396 provisa:
986 317 1133 383 hostibus

71 425 98 466 1o
112 416 215 470 contra
228 410 360 469 omnium
373 409 482 469 nesciis
496 425 556 467 non
570 424 664 486 arma,
683 424 742 466 non
762 406 848 486 ordo,
870 423 930 466 non
954 407 1133 490 consilium,

112 498 164 559 sed
178 515 320 576 pecorum
334 497 421 558 modo
435 496 522 576 trahi,
538 495 642 574 occidi,
663 497 737 573 capi.
764 496 897 555 infensus
911 493 998 555 miles
1012 514 1130 559 memo·

111 589 155 647 ria
174 586 309 647 laborum
332 593 362 646 et
384 585 541 646 adversum
564 582 710 644 eludentis
733 579 849 662 optatae
873 585 982 644 totiens
1006 600 1131 665 pugnae

112 693 143 737 se
159 678 284 755 quisquc
298 674 410 735 ultione
429 681 459 735 et
478 675 619 753 sanguine
640 671 804 750 explebant.
836 671 973 732 differtur
993 690 1052 751 per
1067 693 1129 736 ma·

111 764 237 843 nipulos,
254 762 470 822 Tacfarinatem
483 779 594 842 omnes,
613 768 716 821 notum
731 767 774 821 tot
793 759 923 841 proeliis,
946 771 1128 824 consecten-

71 870 97 911 1a
111 861 173 914 tur:
192 869 252 912 non
266 852 324 910 nisi
337 850 412 911 duce
426 850 583 910 interiecto
598 851 732 928 requiem
745 848 815 910 belli
829 848 900 910 lore.
934 856 964 909 at
978 847 1029 910 ille
1046 850 1128 913 deie-

111 943 172 1002 ctis
182 942 295 1000 circum
309 937 502 1017 stipatoribus
518 940 675 1016 vinctoque
689 939 748 997 iam
763 936 822 998 lilio
837 944 866 999 et
876 937 976 998 effusis
987 938 1128 1019 undique

111 1028 259 1107 Romanis,
278 1027 391 1087 ruendo
406 1028 437 1086 in
452 1026 509 1087 tela
523 1028 723 1105 captivitatem
736 1025 814 1087 haud
829 1024 922 1087 inulta
936 1033 1034 1087 morte
1052 1028 1128 1090 effu·

110 1119 153 1196 git
166 1118 251 1195 isque
265 1115 333 1175 linis
347 1118 437 1176 armis
452 1117 616 1193 impositus.

178 1202 229 1265 26.
253 1202 417 1264 llolabellae
435 1204 548 1282 petenti
562 1202 666 1263 abnuit
687 1201 877 1281 triumphalia
898 1200 1047 1285 Tiberius,
1075 1204 1127 1266 Se-

110 1295 178 1354 iano
192 1292 341 1374 tribuens,
358 1310 396 1354 ne
410 1291 506 1353 Blaesi
519 1290 656 1352 avunculi
670 1293 734 1351 eins
752 1290 816 1351 laus
831 1290 1039 1352 obsolesceret.
1072 1294 1126 1355 sed

111 1400 208 1461 neque
222 1380 343 1442 blaesus
357 1381 423 1442 ideo
438 1381 600 1461 inlustrior,
621 1387 653 1440 et
665 1379 735 1440 huic
749 1385 872 1458 negatus
886 1379 981 1439 honor
996 1379 1126 1457 gloriam

110 1471 250 1532 intendit:
275 1473 383 1550 quippe
401 1473 516 1532 minore
534 1470 671 1554 exercitu
691 1469 816 1546 insignis
835 1470 980 1547 captivos,
1000 1470 1127 1531 caedem

85 1560 196 1622 aducis
219 1557 348 1639 bellique
371 1560 498 1621 conlecti
521 1559 628 1619 lamam
649 1557 827 1636 deportarat.
864 1555 1070 1636 sequebantur
1096 1567 1127 1620 et

112 1648 321 1710 Garamantum
334 1648 432 1728 legati,
450 1665 517 1708 raro
532 1649 563 1706 in
577 1645 651 1707 urbe
665 1646 729 1726 visi,
745 1663 819 1725 quos
833 1643 1023 1706 'laclarinate'
1035 1664 1125 1708 caeso

111 1737 247 1816 perculsa
266 1754 347 1816 gena,
370 1744 416 1797 set
434 1735 537 1814 culpae
556 1736 656 1795 nescia
674 1734 711 1795 ad
731 1735 802 1794 satis
825 1733 993 1795 laciendum
1012 1735 1126 1813 populo

111 1826 242 1887 Romano
265 1827 395 1886 miserat.
432 1825 558 1902 cognitis
580 1823 688 1883 dehinc
707 1821 868 1883 Ptolemaei
890 1839 944 1900 per
962 1821 993 1883 id
1011 1821 1126 1885 bellum

112 1915 218 1975 studiis
237 1915 382 1991 repetitus
400 1929 436 1971 ex
456 1919 571 1972 vetusto
586 1929 669 1972 more
683 1911 778 1972 honos
792 1912 960 1989 missusque
975 1927 991 1970 e
1006 1920 1125 1973 senato·

73 2018 99 2059 1o
112 2001 204 2081 ribus,
220 2002 273 2080 qni
285 2001 449 2078 scipionem
463 1998 618 2080 eburnam,
632 2008 730 2079 togam
740 2001 859 2080 pictam,
873 2001 993 2077 antiqua
1002 2006 1125 2078 patrum

112 2107 244 2169 munera,
261 2088 347 2148 daret
359 2106 519 2168 regemque
534 2096 564 2149 et
578 2090 692 2150 socium
706 2095 795 2167 atque
808 2088 936 2148 amicum
951 2086 1125 2165 appellaret.

178 2175 229 2237 27.
257 2176 367 2237 Eadem
391 2185 501 2237 aestate
524 2185 603 2237 mota
628 2195 682 2256 per
704 2176 817 2238 ltaliam
841 2174 956 2236 servilis
983 2175 1055 2236 belli
1080 2196 1126 2239 se-

110 2266 190 2326 mina
205 2266 266 2325 lors
281 2267 437 2343 oppressit.
464 2273 567 2327 auctor
586 2266 730 2326 tumultus
744 2264 777 2325 T.
792 2263 952 2343 Curtisius,
972 2265 1126 2343 quondam

111 2355 276 2432 praetoriae
295 2353 427 2415 cohortis
446 2354 543 2435 miles,
566 2356 662 2434 primo
681 2353 815 2414 coetibus
833 2352 1025 2414 clandestinis
1043 2355 1125 2432 apud

111 2441 303 2503 Brundisium
317 2449 347 2503 et
361 2444 550 2504 circumiecta
570 2443 689 2523 oppida,
708 2460 777 2519 mox
794 2441 900 2520 positis
918 2440 1072 2520 propalam
1092 2443 1125 2503 li-

85 2530 197 2592 abellis
216 2531 252 2592 ad
270 2531 437 2593 libertatem
458 2530 580 2592 vocabat
602 2533 729 2610 agrestia
751 2547 806 2609 per
828 2528 1006 2609 longinquos
1029 2530 1126 2592 saltus

112 2628 141 2683 et
155 2622 265 2682 lerocia
279 2622 407 2702 servitia,
426 2635 493 2681 oum
512 2618 592 2680 velut
611 2637 735 2681 munere
749 2618 837 2679 deum
851 2625 913 2679 tres
928 2616 1057 2679 biremes
1073 2620 1125 2680 ad-

183 2805 228 2872 25,
249 2812 282 2861 ts
301 2807 406 2876 siquis
430 2810 436 2878 Ι
462 2813 494 2863 16
513 2807 630 2862 deiectis
648 2807 692 2864 Jo.
712 2807 764 2862 Fr.
785 2806 952 2862 Gronooium
976 2805 1097 2861 delectis
1120 2808 1124 2879 l

114 2881 146 2931 1s
171 2875 267 2929 offusis
285 2877 413 2947 Lepsios,
440 2878 615 2934 circumfusis
633 2877 728 2933 Haase
752 2880 757 2947 Ι
784 2883 815 2932 17
834 2876 925 2930 mults
948 2879 954 2944 1
977 2877 1023 2943 26,
1043 2884 1058 2932 t
1080 2880 1126 2934 seb

112 2946 212 3016 culpae
234 2947 331 3002 nescia
357 2952 468 3018 scripu:
496 2951 526 3004 et
544 2965 566 3005 c.
584 2947 680 3004 nescia
708 2950 750 3019 (ut
768 2965 791 3004 c.
810 2949 906 3004 nescia
922 2947 1025 3015 Haase,
1050 2949 1080 3002 et
1099 2966 1124 3006 c.

111 3033 169 3072 non
186 3016 282 3071 nescia
299 3017 360 3074 Jac.
387 3019 554 3086 Gronovius,
573 3035 625 3074 neo
644 3035 667 3073 c.
685 3018 782 3073 nescia
803 3018 894 3090 Eprio,
917 3018 947 3073 et
964 3035 988 3075 c.
1008 3019 1124 3075 conscie

112 3089 235 3159 Lepsios,
254 3089 283 3142 el
300 3105 323 3142 c.
344 3090 421 3143 socie
438 3090 612 3161 thperdey;
629 3106 686 3145 non
699 3097 831 3160 potamus
848 3095 951 3160 pentem
967 3087 1125 3146 Garaman-

111 3165 169 3216 tum
188 3178 206 3214 a
225 3158 321 3214 Tacito
346 3161 442 3229 cnlpae
465 3162 600 3215 consciam
618 3162 721 3216 dinam
738 3177 807 3228 esse,
833 3165 866 3216 ut
882 3177 932 3215 reor
950 3177 1042 3216 ewam
1059 3162 1126 3229 suit,

111 3232 183 3300 qnod
200 3231 226 3285 ss'
242 3230 381 3299 noluisset,
399 3230 477 3285 nollo
495 3231 680 3287 additamento
698 3248 767 3301 opus
785 3237 852 3298 erat,
870 3247 932 3286 oum
949 3233 999 3288 boc
1015 3232 1073 3286 moa
1091 3249 1127 3288 ecc

110 3303 224 3371 epitheto
241 3300 371 3371 perculsa
393 3302 513 3373 intellepi
532 3304 662 3371 potuerit.
688 3304 692 3372 l
718 3309 733 3356 9
753 3317 830 3356 moro
852 3302 942 3356 honos
965 3301 1125 3370 missusque

110 3372 261 3427 Ddderles'n
289 3374 344 3442 (sed
366 3373 410 3428 bic
427 3371 552 3442 missus):
580 3388 657 3427 more
675 3371 850 3440 omissusque
877 3373 948 3441 (mos
966 3372 1126 3442 missusque

110 3440 237 3511 Lipsius)
256 3445 291 3510 cf.
310 3443 414 3498 Hercei
432 3441 509 3499 Stoa.
530 3444 588 3498 crit.
608 3443 636 3512 I,
654 3448 728 3511 1501
744 3443 789 3487 θ’»
812 3449 826 3497 1
845 3442 913 3496 moti
937 3445 1072 3516 Pluyyers
1088 3447 1126 3515 12

111 3510 244 3566 Curtilius
263 3512 409 3570 Retnesius
