2408 3870
138 182 203 246 210
486 178 656 233 CORNELII
673 177 793 234 TAClTl

139 329 328 408 suppeditare
355 328 422 389 urbi
446 347 515 389 suae
540 330 685 406 nequiret.
727 328 879 389 suffecisse
903 327 972 389 olim
996 330 1155 406 indigenas

139 419 365 495 consanguineis
393 416 523 496 populis,
552 434 606 476 nec
630 418 781 495 paenitere
805 418 914 477 veteris
937 420 981 478 rei
1004 418 1154 496 publicae.

139 509 211 587 quin
225 506 321 567 adbuc
336 507 495 565 memorari
509 504 655 585 exempla,
674 522 749 583 quae
768 506 876 583 priscis
891 504 1025 565 moribus
1039 507 1075 566 ad
1091 509 1153 565 vir-

99 612 124 650 1o
139 603 232 656 tutem
247 603 276 655 et
290 594 412 674 gloriam
427 593 556 653 Romana
571 591 685 653 indoles
698 589 870 672 prodiderit.
898 611 936 654 an
950 612 1055 672 parum
1069 597 1153 674 quod

138 683 243 745 Veneti
256 690 286 744 et
299 681 440 743 Insubres
458 684 570 742 curiam
589 682 772 762 inruperint,
790 683 850 742 nisi
868 689 955 743 coetu
974 683 1153 761 alienigena-

139 791 204 832 rum
220 771 300 832 velut
314 771 468 848 captivitas
483 765 649 830 inseratur?
668 787 756 848 quern
770 769 848 830 ultra
862 769 1005 832 honorem
1019 771 1153 832 residuis

139 860 295 941 nobilium,
315 866 366 919 aut
380 859 404 918 si
421 860 488 936 quis
506 875 619 937 pauper
634 876 650 918 e
663 857 747 918 Latio
763 865 880 918 senator
895 856 994 920 foret?
1015 858 1152 939 oppletu-

139 967 189 1009 ros
208 949 304 1008 omnia
324 947 430 1006 divites
449 945 527 1029 illos,
547 964 673 1025 quorum
693 948 738 1006 ari
756 948 917 1026 proavique
932 948 1084 1008 hostilium
1099 967 1152 1008 na·

100 1054 125 1092 15
139 1039 253 1097 tionum
268 1036 359 1096 duces
374 1036 523 1095 exercitus
538 1043 655 1095 nostros
670 1035 749 1096 lerro
764 1037 851 1114 vique
862 1036 1033 1117 ceciderint,
1048 1036 1151 1098 dirum

138 1123 245 1186 lulium
260 1123 338 1202 apud
352 1122 479 1184 Alesiam
494 1123 672 1185 obsederint.
701 1126 832 1184 recentia
847 1123 932 1185 haec:
952 1125 1022 1204 quid
1042 1127 1069 1185 si
1087 1144 1151 1186 me-

138 1215 231 1273 moria
246 1230 349 1272 eorum
365 1219 509 1292 oreretur,
525 1214 576 1291 qui
589 1214 645 1273 snb
659 1211 802 1290 Capitolio
817 1220 847 1272 et
861 1231 929 1274 arce
943 1213 1073 1274 Romana
1088 1232 1150 1274 ma-

138 1301 227 1363 nibus
245 1301 408 1362 eorundem
421 1303 564 1381 prostrati
577 1297 658 1362 sint?
680 1300 852 1362 fruerentur
867 1319 937 1362 sane
951 1300 1092 1362 vocabulo
1109 1306 1150 1363 ci-

138 1392 249 1451 vitatis:
268 1391 393 1468 insignia
412 1396 543 1471 patrum,
563 1389 669 1451 deeora
689 1390 915 1467 magistratuum
932 1408 970 1451 ne
985 1389 1151 1468 vulgarent.

205 1476 255 1539 24.
278 1478 331 1539 llis
346 1486 434 1558 atque
449 1478 558 1539 talibus
572 1477 650 1539 haud
670 1485 822 1557 permotus
840 1480 979 1558 princeps
998 1487 1028 1539 et
1047 1481 1150 1540 statim

139 1577 240 1630 contra
261 1568 401 1629 disseruit
420 1575 450 1627 et
470 1575 580 1628 vocato.
592 1574 696 1628 senatu
716 1569 756 1627 ita
775 1584 900 1627 exorsus
918 1575 978 1628 est:
1002 1563 1149 1628 ‘maiores

137 1660 208 1737 mei,
227 1675 353 1735 quorum
373 1657 596 1736 antiquissimus
610 1655 734 1717 Clausus
753 1657 867 1733 origine
883 1655 989 1716 Sabina
1009 1655 1097 1716 simul
1117 1659 1149 1716 in

138 1748 286 1807 civitatem
305 1744 466 1806 Romanam
485 1745 564 1804 etin
583 1743 707 1804 lamilias
724 1746 917 1824 patriciorum
938 1744 1069 1806 adscitus
1093 1753 1150 1825 est,

112 1834 295 1895 oboriantur
323 1835 366 1894 uti
394 1832 516 1912 paribus
544 1831 674 1893 consiliis
702 1834 733 1892 in
761 1831 934 1912 republica
958 1833 1150 1915 capessenda,

137 1921 343 1984 transferendo
357 1920 416 1982 huc
431 1920 509 2000 quod
524 1939 648 2000 usquam
664 1923 816 2000 egregium
830 1921 928 1982 luerit.
956 1940 1052 2002 neque
1067 1924 1150 1982 eninr

138 2015 241 2089 ignoro
260 2009 351 2071 lulios
371 2009 455 2090 Alba,
475 2008 676 2070 Coruncanios
696 2009 843 2091 Camerio,
866 2008 988 2071 Porcios
1008 2010 1149 2092 Tusculo,

138 2107 168 2159 et
181 2116 218 2159 ne
233 2105 332 2158 vetera
347 2105 529 2178 scrutemur,
544 2096 663 2158 Etruria
678 2096 866 2177 Lucaniaque
881 2106 910 2160 et
925 2101 1005 2159 omni
1018 2098 1100 2160 ltalia
1115 2102 1148 2159 in

139 2195 272 2247 senatum
287 2187 410 2267 accitos,
425 2193 575 2264 postremo
589 2188 684 2265 ipsam
698 2185 733 2248 ad
748 2186 836 2266 Alpes
850 2195 1024 2270 promotam,
1038 2195 1072 2249 ut
1086 2206 1148 2248 non

98 2294 123 2331 ro
138 2275 225 2336 modo
245 2274 353 2354 singuli
372 2276 495 2356 viritim,
515 2275 566 2337 sed
586 2283 696 2356 terrae,
715 2282 818 2354 gentes
837 2277 867 2336 in
886 2294 995 2337 nornen
1009 2284 1147 2338 nostrum

138 2364 345 2426 coalescerent.
385 2372 455 2425 tunc
481 2362 573 2425 solida
601 2364 680 2424 domi
706 2365 791 2444 quies
810 2371 840 2425 et
859 2363 1000 2426 adversus
1024 2372 1147 2426 externa

136 2453 304 2533 lloruimns,
318 2471 385 2513 curn
400 2451 601 2532 Transpadani
615 2455 644 2514 in
660 2455 807 2515 civitatem
823 2455 948 2535 recepti,
963 2472 1031 2514 eum
1046 2456 1147 2532 specie

136 2543 330 2603 deductarum
344 2560 398 2620 per
412 2540 513 2603 orbem
528 2549 625 2603 terrae
640 2541 788 2621 legionum
803 2542 911 2603 additis
920 2542 1147 2622 provincialium

137 2631 324 2694 validissimis
343 2631 420 2691 fesso
436 2631 560 2710 imperio
577 2630 754 2692 subventum
769 2637 822 2691 est.
850 2648 921 2692 num
937 2631 1068 2709 paenitet
1081 2629 1146 2690 Bal-

97 2733 122 2772 15
137 2719 191 2781 bos
213 2707 408 2800 ex'llispania
431 2737 486 2780 nec
510 2721 608 2780 minus
631 2721 763 2797 insignes
786 2720 865 2780 viros
888 2718 1015 2780 eGallia
1033 2717 1146 2780 Narbo·

137 2810 223 2869 nensi
241 2804 436 2869 transivisse?
453 2816 574 2869 manent
591 2810 704 2887 posteri
722 2825 825 2868 eorum
839 2825 895 2869 nec
909 2826 1008 2869 amore
1023 2810 1054 2868 in
1069 2807 1146 2868 hanc

136 2899 260 2976 patriam
276 2896 361 2957 nobis
375 2897 550 2959 concedunt.
579 2896 649 2976 qnid
664 2895 743 2958 aliud
758 2898 847 2957 exitio
860 2895 1101 2958 Lacedaemoniis
1117 2905 1145 2956 et

207 3104 252 3171 23,
273 3110 305 3158 11
326 3105 406 3159 coetu
425 3103 528 3158 Ritier:
548 3104 645 3157 coetus
661 3104 666 3170 Ι
683 3108 715 3158 tr
735 3103 859 3158 oreretur
877 3102 967 3159 Bnclr:
989 3104 1147 3157 moreretur

136 3175 305 3243 (moreretur
323 3175 383 3230 Joe.
405 3173 570 3243 Gronovius)
587 3177 592 3243 l
608 3173 659 3227 sub
678 3175 741 3228 add.
760 3175 878 3242 Deciper,
897 3191 935 3229 nn
953 3174 1068 3230 obsessa
1083 3180 1146 3242 post

135 3246 263 3302 Romana
280 3246 460 3316 supplendam
479 3243 536 3300 est?
551 3247 555 3314 Ι
573 3251 605 3300 18
623 3243 758 3314 prostrati
776 3243 880 3298 fuerint
893 3243 1074 3300 Freinsbee'mz
1094 3260 1147 3312 per

137 3335 167 3374 se
181 3317 251 3372 satis
266 3314 415 3387 (manibias
430 3314 545 3370 deorum
564 3315 691 3385 deripere
710 3316 805 3370 eonaii
819 3314 877 3370 sint
889 3315 1050 3398 Nepperdep
1063 3331 1146 3384 peae-

135 3395 214 3445 ennte
232 3388 360 3456 Heinsio)
377 3389 382 3458 Ι
399 3392 431 3441 19
450 3384 634 3455 vulgarentur
654 3389 788 3458 Pleypers
804 3391 808 3454 l
824 3385 869 3453 24,
890 3392 905 3442 ὁ
923 3403 954 3440 m
976 3401 1007 3440 re
1029 3384 1147 3454 publica

134 3476 186 3515 eros
204 3465 228 3515 ei
251 3459 452 3514 Weissenborn:
480 3473 539 3511 rem
566 3457 681 3527 publica
708 3475 767 3513 enm
790 3473 891 3513 rasura
917 3461 980 3512 onie
996 3473 1056 3511 rem
1076 3459 1147 3526 (rem

133 3529 276 3598 publicam
297 3543 442 3599 capessam
460 3529 508 3599 al.)
525 3533 529 3599 1
546 3535 561 3584 9
581 3529 684 3583 ascitos
702 3529 862 3599 Nipperdey
