2392 3876
278 203 326 256 AB
343 201 505 258 EXOESSU
522 202 677 260 AUGUSTI
695 203 753 260 XV.
774 212 851 263 1-4.
1000 206 1065 270 319

56 373 109 433 ego
134 353 237 415 eodem
260 371 376 415 meeum
399 361 485 431 patre
507 355 654 435 genitum,
677 373 745 416 oum
766 355 840 415 mihi
862 373 916 433 per
939 363 1064 417 aetatem

56 462 170 504 summo
189 444 307 503 nomine
327 443 539 522 concessisset,
558 443 589 502 in
607 445 826 522 possessionem
843 446 997 504 Armeniae
1016 445 1064 505 de·

56 532 140 612 duxi,
160 533 210 610 qui
228 533 335 592 tertius
354 533 504 611 potentiae
522 530 632 609 gradus
650 531 789 594 habetur:
807 550 875 592 nam
894 531 994 593 Medos
1013 532 1091 593 Pac

56 639 145 682 corus
162 627 230 680 ante
250 626 377 698 ceperat.
413 618 594 699 videbarque
614 630 716 681 contra
735 628 835 683 vetera
855 622 980 682 fratrum
999 620 1065 681 odia

56 717 86 770 et
100 711 259 770 certamina
274 708 399 769 familiae
414 716 532 768 nostrae
548 717 669 787 penates
684 711 741 771 rite
760 711 970 789 composuisse.
998 727 1064 788 pro·

56 798 159 859 hibent
173 797 296 858 Romani
315 804 345 859 et
363 815 466 875 paoem
479 814 641 876 numquam
655 799 728 876 ipsis
742 815 885 877 prospere
899 798 1065 859 lacessitam

56 905 135 948 nuuc
154 904 272 966 quoque
290 887 322 945 in
341 886 463 945 exitium
483 902 571 946 suum
589 885 777 966 abrumpunt.
806 905 865 948 non
878 886 927 947 ibo
942 888 1064 946 infitias:

57 977 203 1053 aequitate
223 991 311 1052 quam
330 975 485 1052 sanguine,
505 992 594 1034 causa
613 992 701 1054 quam
720 977 809 1036 armis
830 975 960 1036 retinere
981 982 1065 1054 parta
1080 990 1106 1029 ιο

56 1061 217 1123 maioribus
228 1061 396 1122 malueram.
422 1064 447 1122 si
457 1063 644 1124 cunctatione
655 1062 775 1144 deliqui,
790 1066 900 1125 virtute
910 1067 1064 1144 corrigam.

57 1159 154 1213 vestra
169 1150 288 1230 quidem
303 1152 347 1210 vis
366 1158 396 1210 et
414 1149 506 1229 gloria
525 1154 557 1210 in
575 1152 691 1229 integro
710 1160 768 1233 est,
788 1153 886 1214 addita
905 1153 1066 1214 modestiae

57 1242 146 1321 lama,
165 1258 240 1318 quae
260 1257 356 1318 neque
376 1240 500 1299 summis
518 1238 687 1300 mortalium
706 1241 872 1318 spernenda
887 1250 932 1302 est
946 1249 976 1302 et
990 1259 1006 1301 a
1021 1241 1066 1302 dis

57 1323 250 1390 aestimatur?
279 1327 367 1388 simul
385 1327 551 1389 diademate
567 1337 656 1406 eaput
671 1328 811 1388 Tiridatis
826 1331 949 1408 evinxit,
969 1348 1065 1408 prom·

57 1427 138 1497 ptam
152 1419 284 1496 equitum
299 1434 427 1496 manum,
443 1434 517 1494 quae
531 1434 632 1495 regem
642 1435 678 1477 ex
687 1435 770 1479 more
781 1424 920 1497 sectatur,
934 1416 1065 1478 Monaesi
1081 1431 1107 1472 15

57 1505 150 1567 nobili
163 1507 227 1565 viro
242 1504 376 1585 tradidit,
395 1505 518 1565 adiectis
531 1504 750 1565 Adiabenorum
765 1505 894 1586 auxiliis,
908 1505 1067 1566 mandavit·

59 1612 116 1674 que
131 1593 278 1672 Tigranen
292 1592 430 1653 Armenia
449 1592 619 1673 exturbare,
639 1593 709 1654 dum
728 1596 791 1673 ipse
805 1596 912 1675 positis
927 1594 1067 1655 adversus

57 1683 209 1763 Hyrcanos
229 1681 385 1742 discordiis
403 1683 481 1742 vires
500 1683 618 1743 intimas
636 1682 803 1761 molemque
822 1682 891 1743 belli
911 1684 982 1763 ciet,
1001 1701 1068 1761 pro·
1094 1731 1097 1735 ,

58 1773 163 1832 vinciis
178 1770 317 1830 Romanis
331 1772 478 1831 minitans.

126 1857 154 1921 3.
170 1857 251 1930 Quae
261 1859 313 1919 ubi
323 1858 484 1919 Corbuloni
499 1860 589 1920 certis
603 1861 716 1920 nuntiis
731 1859 830 1918 audita
846 1868 923 1939 sunt,
938 1859 1068 1936 legiones

59 1951 131 2010 duas
147 1966 214 2009 cum
224 1946 370 2008 Verulano
382 1948 490 2008 Severo
505 1955 536 2008 et
547 1945 641 2008 Vettio
652 1947 761 2007 Rolano
772 1947 938 2008 subsidium
948 1947 1069 2026 Tigrani

58 2039 161 2116 mittit,
180 2036 296 2097 occulto
311 2043 482 2115 praecepto,
497 2038 690 2114 compositius
705 2043 811 2097 cuncta
827 2054 915 2115 quam
929 2037 1068 2096 festinau-

58 2130 117 2188 tius
141 2132 276 2205 agerent:
300 2127 411 2205 quippe¹
433 2124 543 2186 bellum
566 2124 675 2186 habere
699 2143 786 2204 quam
810 2143 914 2203 gerere
933 2123 1068 2185 malebat.

59 2218 278 2293 scripseratque
294 2213 412 2274 Caesari
425 2215 546 2293 proprio
562 2213 637 2274 duee
651 2231 726 2294 opus
741 2231 820 2294 csse,
836 2215 887 2292 qui
901 2213 1067 2274 Armeniam
1083 2227 1095 2267 ⁵

60 2302 244 2362 defenderet:
264 2301 379 2362 Suriam
398 2304 555 2380 ingruente
569 2300 710 2380 Vologese
725 2304 838 2363 acriore
853 2304 884 2362 in
899 2302 1069 2362 discrimine

60 2409 133 2452 esse.
153 2398 242 2468 atque
255 2391 375 2450 interim
389 2390 518 2468 reliquas
532 2389 664 2468 legiones
673 2408 728 2468 pro
738 2393 801 2469 ripa
814 2389 974 2467 Euphratis
985 2390 1070 2471 locat,

60 2479 282 2541 tumultuariam
296 2478 521 2556 provincialium
535 2496 654 2538 manum
669 2486 770 2557 armat,
784 2476 908 2538 hostiles
917 2481 1070 2556 ingressus

60 2567 215 2647 praesidiis
225 2567 384 2644 intercipit.
409 2573 439 2626 et
452 2567 521 2644 quia
534 2584 627 2643 >egena
637 2583 780 2643 aquarum
790 2567 871 2642 regio
883 2574 936 2646 est,
951 2565 1070 2626 castella

61 2655 192 2717 lontibus
210 2656 350 2734 inposita3
375 2654 517 2732 quosdam
539 2656 618 2713 rivos
640 2660 782 2730 congestu
803 2653 930 2713 harenae
949 2652 1069 2714 abdidit.
1085 2669 1110 2708 10

105 2738 117 2768 '
127 2741 156 2804 4.
180 2743 221 2803 Ea
245 2742 315 2802 dum
335 2761 351 2802 a
371 2741 537 2802 Corbulone
556 2741 683 2801 tuendae
704 2741 807 2802 Suriae
826 2749 981 2823 parantur,
1005 2750 1070 2802 aeto

60 2835 168 2912 raptim
187 2833 302 2910 agmine
321 2829 487 2912 Monaeses,
506 2837 540 2890 ut
558 2830 663 2890 lamam
687 2832 733 2890 sui
755 2832 898 2912 praeiret,
921 2849 980 2891 non
1003 2831 1070 2891 ideo

60 2923 193 2983 nescium
208 2928 258 2981 aut
272 2922 423 2980 incautum
438 2919 586 2998 Tigranen
601 2918 731 2979 ollendit.
759 2915 954 2998 occupauerat
969 2918 1070 2998 Tigra-

60 3019 224 3090 nocertam,
239 3007 344 3068 urhe'm
359 3010 441 3087 copia
457 3007 646 3069 defensorum
661 3014 691 3067 et
705 3009 907 3087 magnitudine
921 3011 1071 3069 moenium

61 3100 191 3161 validam.
216 3097 251 3157 ad
262 3097 318 3158 hoc
328 3096 523 3177 Nicephorius
537 3099 632 3157 amnis
646 3095 724 3156 haud
740 3097 905 3175 spernenda
916 3096 1070 3157 latitudine
1084 3107 1097 3149 ⁶

131 3271 157 3338 2,
178 3277 193 3324 '1
222 3266 378 3324 certamina
395 3268 558 3324 Rhenanus:
587 3268 694 3322 certem
716 3266 746 3319 in
761 3268 766 3336 Ι
783 3272 798 3321 9
813 3265 849 3340 ,in
864 3265 1001 3320 absitium
1017 3268 1021 3335 Ι
1040 3271 1071 3320 12

59 3340 90 3394 in
107 3357 157 3396 om.
174 3344 178 3411 Ι
196 3346 228 3395 15
247 3338 373 3394 monaeai
390 3339 435 3394 hio
453 3338 542 3405 Med,
559 3340 607 3394 aed
626 3355 647 3394 e.
666 3342 684 3392 4
702 3353 843 3404 moneres,
862 3354 883 3393 c.
904 3342 921 3391 5
938 3352 1072 3390 moneeen

62 3413 65 3480 l
84 3417 116 3465 17
136 3411 260 3480 exturba,
281 3429 328 3466 em.
344 3411 460 3465 Ernesti
476 3416 479 3477 l
496 3409 521 3477 8,
538 3415 553 3464 3
568 3409 669 3463 cuneta
683 3406 917 3463 coufesbinantius
934 3410 938 3477 1
954 3414 971 3461 4
985 3406 1071 3460 mole·

60 3483 130 3537 bant
153 3485 159 3552 Ι
183 3484 215 3554 4,
234 3488 249 3538 8
267 3485 348 3553 (item
366 3487 391 3550 b,
413 3483 456 3552 17)
481 3479 673 3550 tigranocerta
699 3481 734 3536 al.
754 3480 789 3548 ef.
813 3478 948 3548 wolfpero,
969 3479 1070 3536 Paitoi.

59 3558 107 3622 26,
125 3557 180 3610 211
