2408 3870
103 172 169 236 2l2
450 169 618 225 CORNELII
635 168 756 224 TAOITI

103 324 128 382 si
145 338 261 381 amnem
270 321 393 399 Araxen,
408 321 459 399 qui
472 321 588 380 moenia
601 317 702 398 adluit,
716 325 805 396 ponte
820 319 1127 405 transgrederentur,

65 425 89 467 ao
103 408 158 470 sub
173 412 264 470 ictum
278 406 435 469 dabantur:
451 407 556 486 procul
569 413 599 467 et
612 406 766 467 latioribus
781 407 862 467 vadis
877 410 1042 471 transiere.

167 495 219 559 40.
238 498 276 557 At
289 496 436 558 Tiridates
450 496 563 575 pudore
578 503 607 556 et
621 503 716 578 metu,
735 513 786 574 ne,
805 497 830 556 si
849 499 1061 560 concessisset
1076 501 1126 562 ob·

103 586 223 666 sidioni,
242 584 316 646 nihil
330 587 395 665 opis
409 587 440 645 in
454 586 518 662 ipso
539 585 703 663 videretur,
722 586 748 644 si
766 583 954 666 prohiberet,
974 587 1126 667 inpeditis

102 675 175 736 locis
197 692 289 753 seque
313 683 342 734 et
365 680 519 752 equestres
542 676 641 750 copias
664 672 815 753 inligaret,
838 675 942 734 statuit
962 684 1125 752 postremo

102 763 259 824 ostendere
280 765 372 823 aciem
394 768 424 821 et
444 761 511 821 dato
532 761 580 822 die
601 761 747 840 proelium
768 763 900 840 incipere
923 763 971 822 vel
998 767 1121 828 simula·

74 854 182 912 atione
202 852 288 929 fugae
306 850 405 910 locum
424 849 520 911 fraudi
537 850 650 929 parare.
677 851 770 927 igitur
788 857 910 928 repente
930 868 1047 929 agmen
1067 854 1122 915 llo·

101 958 221 1000 manum
240 938 465 1019 circumfundit,
483 956 542 1000 non
562 941 663 1016 ignaro
682 937 758 999 duce
776 946 891 1020 nostro,
910 941 964 1018 qui
983 943 1056 1004 vlae
1075 963 1123 1024 pa·

101 1029 176 1087 riter
190 1035 220 1087 et
234 1044 349 1105 pugnae
364 1035 570 1106 composuerat
588 1029 760 1088 exercitum.
788 1026 880 1088 latere
899 1026 1012 1089 denuo
1033 1037 1122 1094 tertia

101 1114 187 1194 legio,
201 1117 321 1175 sinistro
336 1123 417 1176 sexta
431 1116 596 1195 incedebat,
610 1115 715 1177 modiis
729 1114 962 1176 decumanorum
977 1117 1123 1203 delectis3

102 1210 222 1281 recepta
239 1206 318 1265 inter
333 1204 451 1264 ordines
469 1205 691 1283 impedimenta,
711 1210 741 1263 et
759 1210 877 1281 tergum
894 1204 976 1265 mille
998 1213 1122 1289 equites

65 1310 89 1349 ro
102 1292 274 1373 tuebantur,
294 1291 402 1371 quibus
415 1294 556 1373 iusserat,
571 1301 604 1353 ut
617 1291 798 1353 instantibus
812 1295 980 1354 comminus
995 1300 1123 1360 resiste·

102 1389 178 1462 rent,
191 1381 310 1461 refugos
325 1399 384 1441 non
399 1389 605 1460 sequerentur.
632 1384 664 1441 in
678 1381 819 1442 cornibus
832 1381 924 1460 podes
941 1386 1122 1462 sagittarius

102 1477 132 1530 et
142 1477 240 1531 cetera
251 1488 355 1531 manus
365 1473 498 1549 equitum
507 1469 576 1544 ibat,
591 1469 781 1549 productiore
792 1467 914 1548 [cornu]
925 1473 1059 1536 sinistro
1069 1495 1122 1555 per

101 1560 160 1618 ima
183 1559 314 1638 collium,
341 1566 389 1636 ut,
417 1561 443 1619 si
460 1557 554 1619 bostis
573 1560 756 1640 intravisset,
774 1558 871 1627 fronte
891 1559 981 1620 simul
998 1571 1033 1624 et
1054 1568 1123 1626 sinu

102 1649 297 1725 exciperetur.
332 1647 480 1708 adsultare
501 1665 537 1707 err
558 1647 674 1708 diverso
695 1647 856 1728 Tiridates,
877 1664 937 1708 non
958 1667 1065 1730 usque
1087 1655 1122 1714 ad

65 1752 88 1791 ro
102 1739 194 1796 ictum
203 1735 264 1816 teli,
278 1735 404 1796 sedtum
418 1736 566 1814 minitare,
581 1743 645 1796 tum
659 1737 759 1814 specie
773 1735 959 1816 trepidantis,
974 1741 1004 1799 si
1019 1740 1122 1803 laxare

101 1825 221 1885 ordines
245 1832 275 1884 et
298 1824 429 1885 diversos
449 1826 615 1884 consectari
632 1832 742 1902 posset.
776 1824 829 1885 ubi
850 1824 923 1885 nibil
944 1833 1122 1892 temeritate

101 1912 245 1993 solutum,
264 1930 319 1972 nec
338 1911 464 1990 amplius
483 1929 571 1989 qnam
588 1913 710 1974 decurio
725 1915 859 1992 equitum
872 1912 1039 1979 audentius
1054 1938 1122 2000 pro-

100 2019 221 2079 gressus
240 2008 270 2060 et
289 2002 403 2077 sagittis
422 2000 555 2061 confixus
577 2008 695 2062 ceteros
718 2000 754 2062 ad
777 2001 954 2082 obsequium
977 2009 1122 2088 exemplo

101 2090 280 2166 firmaverat,
295 2089 470 2166 propinquis
484 2090 542 2148 iam
556 2089 687 2150 tenebris
702 2089 854 2151 abscessit.

167 2173 219 2236 41.
239 2175 276 2235 Et
296 2174 423 2235 Corbulo
442 2184 538 2236 castra
557 2179 588 2237 in
606 2178 670 2238 loco
689 2186 829 2259 metatus,
849 2196 887 2239 an
905 2174 1061 2257 expeditis
1082 2185 1121 2245 le·

100 2263 238 2342 gionibus
268 2271 354 2324 nocte
383 2265 519 2326 Artaxata
546 2275 684 2344 pergeret
710 2266 884 2346 obsidioque
912 2269 1122 2334 circumdaret

100 2355 228 2434 agitavit,
243 2355 425 2414 concessisse
440 2354 510 2414 illuc
525 2353 676 2416 Tiridaten
691 2363 783 2417 ratus.
807 2356 876 2417 dein
889 2365 1056 2436 postquam
1071 2381 1121 2424 ex-

100 2442 264 2520 ploratores
283 2441 408 2503 attulere
427 2441 621 2522 longinquum
640 2446 719 2523 regis
737 2447 796 2505 iter
815 2453 844 2505 et
858 2443 936 2505 Medi
955 2463 995 2506 an
1011 2449 1122 2512 Albani

72 2546 86 2587 o
100 2531 1121 2612 peterenturincertum,lucemopperitur,praemissaquelerisarma-

87 2630 176 2700 tura,
192 2638 265 2698 quae
285 2638 385 2680 muros
399 2622 519 2680 interim
534 2620 659 2681 ambiret
672 2623 980 2700 oppugnationemque
996 2629 1121 2689 eminus

100 2711 254 2786 inciperet.
292 2708 345 2768 sed
367 2708 507 2787 oppidani
528 2710 623 2787 portis
646 2717 751 2788 sponte
774 2710 927 2789 patelactis
945 2729 978 2772 se
1000 2732 1121 2796 suaque

100 2796 240 2855 Romanis
271 2798 448 2879 permisere,
480 2796 559 2876 quod
590 2796 716 2858 salutem
748 2799 821 2877 ipsis
854 2798 935 2860 tulit:
962 2799 1121 2866 Artaxatis

101 2887 177 2962 ignis
187 2885 327 2944 inmissus
338 2885 493 2964 delataque
508 2892 538 2945 et
552 2885 614 2945 solo
630 2894 754 2965 aequata
768 2894 847 2968 sunt,
862 2889 930 2966 qula
943 2905 1001 2949 nec
1017 2896 1122 2955 teneri

65 2987 87 3027 ro
98 2979 242 3049 poterant
255 2974 319 3032 sine
330 2973 423 3034 valido
433 2973 581 3052 praesidio
591 2973 629 3035 ob
639 2975 870 3053 magnitudinem
880 2977 1045 3063 moenium,
1060 3000 1121 3044 neo

100 3062 131 3121 id
159 3059 244 3121 nobis
271 3062 378 3122 virium
406 3072 483 3143 erat,
512 3062 590 3141 quod
618 3062 762 3124 firmando
784 3065 932 3143 praesidio
956 3072 986 3125 et
1011 3086 1120 3148 capes-

101 3150 192 3210 sendo
216 3148 292 3210 bello
317 3150 510 3232 divideretur,
533 3150 579 3211 vel
598 3153 624 3211 si
643 3153 757 3232 integra
775 3160 805 3214 et
822 3152 1004 3215 incustodita
1024 3159 1120 3220 relin-

170 3302 215 3369 39,
235 3309 268 3358 29
288 3309 369 3356 araxe
386 3306 391 3368 Ι
406 3302 452 3369 41),
473 3309 487 3357 1
506 3304 570 3370 fort.
590 3302 721 3374 obsidio!
739 3311 771 3359 12
791 3320 876 3360 cornu
895 3304 1012 3361 sinistro
1029 3312 1119 3382 Agri·

99 3376 171 3430 colo:
195 3389 293 3426 cornus
312 3372 343 3425 in
361 3371 487 3440 sinistr03
507 3389 593 3428 cornu
611 3392 661 3430 nos
678 3377 839 3432 inclusimus
868 3381 873 3444 ι
903 3382 937 3432 14
960 3377 998 3432 ad
1024 3379 1120 3438 ictum

99 3445 208 3498 Baiter:
233 3441 377 3496 addictum
397 3449 413 3497 1
430 3461 464 3498 an.
485 3445 522 3497 cd
539 3444 646 3499 iactum
665 3462 732 3503 corr.
749 3450 754 3514 Ι
771 3453 803 3502 16
823 3447 933 3502 diuerso
956 3453 973 3504 1
992 3453 1119 3526 111141,

100 3519 116 3568 5
138 3512 196 3566 leui
215 3512 379 3582 (praemissa
396 3513 453 3568 leri
471 3515 615 3586 Heinsius)
631 3518 637 3586 Ι
654 3522 687 3572 10
704 3519 838 3587 poterant
855 3519 955 3575 addidi
