2392 3876
106 149 150 212 40
461 144 631 202 CORNELH
648 144 768 201 'PAGITI

109 314 197 376 quam
212 303 314 375 postea
328 294 476 358 celebrem
490 297 627 356 miseriae
641 303 810 374 temporum
817 302 854 367 et
867 296 1009 359 audaciae
1028 296 1124 360 bomi-

82 398 181 445 5num
201 385 343 446 lecerunt.
380 402 448 445 nam
467 401 570 464 egens,
593 386 725 464 ignotus,
748 386 880 464 inquies,
903 384 974 445 dum
993 386 1124 447 occultis

109 473 217 534 libellis
242 475 380 534 saevitiae
405 473 550 552 principis
575 471 703 552 adrepit,
731 490 798 532 mox
821 472 985 534 clarissimo
1011 477 1124 554 cuique

108 562 275 641 periculum
289 562 416 640 lacessit,
430 562 593 639 potentiam
607 560 684 640 apud
700 578 801 641 uuum,
816 561 916 622 odium
929 563 1010 641 apud
1025 566 1124 624 omnis

109 651 234 730 adeptus
248 651 329 710 dedit
343 648 519 729 exemplum,
538 647 617 728 quod
636 651 731 709 secuti
749 667 785 709 ex
803 649 985 728 pauperibus
1004 651 1124 731 divites,

110 758 145 800 ex
168 740 345 817 contemptis
365 736 517 798 metuendi
537 738 700 816 perniciem
721 736 785 797 aliis
806 755 840 798 ac
858 746 1046 816 postremum
1065 740 1124 801 sibi

70 841 96 880 10
109 830 258 888 invenere.
299 826 350 886 sed
373 824 544 886 Marcellum
566 824 756 886 insimulabat
778 827 917 887 sinistros
939 826 976 886 de
1000 826 1126 889 'liberio

110 932 261 975 sermones
275 913 427 993 habuisse,
440 912 608 974 inevitabile
623 916 745 994 crimen,
759 929 876 975 cumen
891 914 1027 976 moribus
1041 919 1125 995 priu-

111 1004 186 1081 cipis
209 1003 376 1063 foedissima
400 1020 536 1082 quaeque
558 1001 701 1080 deligeret
724 1010 879 1064 accusator
897 1001 1124 1085 obiectaretque

110 1109 171 1152 reo.
199 1109 266 1151 nam
281 1093 349 1169 quia
365 1109 432 1150 vera
451 1098 548 1169 erant,
568 1093 656 1151 etiam
675 1090 753 1152 dicta
772 1090 978 1152 credebantur.
1008 1093 1125 1155 addidit

111 1179 203 1258 Hispo
223 1186 348 1240 statuam
363 1176 494 1239 Marcelli
512 1178 599 1239 altius
618 1196 707 1259 quam
721 1177 879 1240 Caesarum
898 1181 998 1260 sitam,
1017 1189 1050 1241 et
1069 1182 1125 1243 alia

73 1279 97 1320 1⁵
111 1270 143 1328 in
162 1274 258 1328 statua
282 1273 432 1346 amputato
451 1268 546 1345 capite
560 1267 686 1345 Augusti
707 1267 834 1346 effigiem
855 1266 967 1328 Tiberii
987 1268 1124 1332 inditam.

112 1355 148 1416 ad
163 1356 241 1436 quod
262 1357 371 1416 exarsit
389 1354 475 1436 adeo,
495 1362 528 1415 ut
546 1363 633 1434 rupta
651 1357 854 1417 taciturnitate
873 1355 1075 1434 proclamaret
1093 1377 1125 1420 se

112 1462 230 1524 quoque
244 1447 275 1505 in
290 1462 324 1504 ea
338 1462 426 1505 causa
435 1443 565 1504 laturum
576 1446 752 1504 sententiam
761 1444 856 1522 palam
867 1451 897 1504 et
906 1447 1048 1526 iuratum,
1065 1466 1125 1525 quo

112 1537 219 1596 ceteris
234 1534 336 1595 eadem
351 1535 512 1594 necessitas
526 1533 619 1593 fieret.
643 1532 801 1592 manebant
816 1534 982 1593 etiamtum
997 1537 1126 1614 vestigia

112 1625 266 1684 morientis
284 1622 438 1683 libertatis.
467 1623 558 1699 igitur
573 1619 624 1680 Cn.
638 1619 707 1680 Piso
726 1615 817 1699 ‘quo'
835 1622 934 1699 inquit
952 1616 1036 1682 ‘loco
1055 1641 1126 1684 cen·

73 1723 98 1763 20
113 1712 200 1792 sebis,
215 1707 344 1773 Caesar?
358 1713 384 1771 si
399 1712 522 1788 primus,
537 1708 651 1769 habebo
666 1709 745 1788 quod
760 1726 881 1788 sequar:
895 1711 922 1770 si
933 1716 1003 1788 post
1017 1714 1127 1794 omnis,

111 1818 216 1861 vereor
235 1817 272 1859 ne
291 1798 455 1877 inprudens
474 1792 666 1857 dissentiam?
694 1805 847 1875 permotus
866 1796 926 1876 his,
950 1806 1126 1879 quantoque

111 1889 260 1948 incautius
283 1887 449 1968 ellerrerat,
472 1886 650 1965 paenitentia
674 1888 789 1963 patiens
811 1883 880 1945 tulit
902 1884 1015 1946 absolvi
1039 1904 1127 1949 reum

113 1974 287 2035 criminibus
305 1975 480 2036 maiestatis:
499 1973 536 2034 de
554 1975 690 2052 pecuniis
704 1973 878 2053 repetundis
893 1972 928 2033 ad
943 1976 1128 2054 reciperato

112 2080 161 2123 res
175 2064 250 2122 itum
265 2069 318 2122 est.

181 2147 230 2212 75.
249 2149 309 2211 Nec
328 2159 446 2229 patrum
465 2150 683 2230 cognitionibus
699 2152 822 2212 satiatus
835 2150 955 2211 iudiciis
968 2150 1127 2214 adsidebat

112 2243 144 2302 in
163 2258 256 2301 cornu
275 2239 444 2318 tribunalis,
463 2258 500 2300 nc
518 2245 686 2317 praetorem
705 2239 802 2300 curuli
820 2238 994 2320 depelleret3
1019 2240 1126 2302 multa·

114 2348 171 2408 que
186 2346 221 2388 eo
235 2345 335 2389 coram
349 2326 490 2387 adversus
505 2325 647 2388 ambitum
661 2334 690 2387 et
703 2328 869 2406 potentium
887 2344 993 2406 preces
1013 2333 1128 2391 consti·

114 2426 185 2479 tuta.
221 2423 268 2478 set
287 2416 357 2476 dum
379 2417 496 2476 veritati
519 2413 697 2495 consulitur,
720 2415 842 2477 libertas
865 2416 1126 2493 corrumpebatur.

88 2519 100 2559 5
115 2509 192 2567 inter
211 2524 286 2586 quae
301 2504 372 2566 Pius
386 2504 524 2564 Aurelius
544 2511 662 2564 senator
677 2513 801 2582 questus
816 2503 892 2564 mole
907 2502 1044 2582 publicae
1060 2508 1127 2587 viae

115 2595 265 2673 ductuque
279 2610 423 2674 aquarum
432 2590 593 2673 labefactas
607 2592 688 2652 aedis
702 2609 779 2673 suas,
794 2591 935 2653 auxilium
948 2599 1071 2672 patrum
1081 2596 1155 2675 inq·

84 2714 86 2718 >
115 2683 244 2743 vocabat.
281 2680 490 2743 resistentibus
513 2681 620 2741 aerarii
641 2680 830 2758 praetoribus
853 2679 991 2742 subvenit
1015 2679 1138 2744 Caesar'

114 2774 303 2851 pretiumque
323 2769 438 2830 aedium
457 2768 577 2829 Aurelio
596 2767 713 2848 tribuit,
738 2767 902 2848 erogandae
924 2784 979 2846 per
998 2767 1128 2832 honesta

115 2861 258 2939 pecuniae
278 2862 413 2937 cupiens,
433 2876 520 2937 quam
538 2858 677 2917 virtutem
697 2857 748 2917 diu
766 2859 902 2937 retinuit,
921 2864 1128 2919 cnm.ceteras

76 2962 102 3001 10
116 2955 245 3009 exureret.
274 2946 428 3026 Propertio
444 2946 539 3006 Celeri
558 2947 721 3024 praetorio,
743 2947 858 3006 veniam
872 2943 985 3005 ordinis
1000 2943 1038 3005 ob
1053 2965 1127 3024 pau-

115 3044 260 3118 pertatem
279 3038 405 3115 petenti,
425 3036 544 3095 deciens
559 3035 729 3094 sestertium
743 3033 866 3113 largitus
886 3041 944 3113 est,
964 3035 1036 3092 satis
1056 3053 1128 3096 con-

83 3149 92 3171 «
115 3134 200 3206 perto
228 3133 366 3204 paternas
394 3124 421 3182 ei
449 3125 598 3201 angustias
621 3139 695 3182 csse.
731 3123 903 3200 temptantis
926 3120 1028 3180 eadem
1052 3122 1129 3196 alios

114 3215 242 3294 probare
253 3229 355 3274 causas
366 3213 481 3271 senatui
495 3213 591 3291 iussit,
605 3209 744 3288 cupidine
759 3211 923 3270 severitatis
938 3210 968 3268 in
982 3210 1021 3268 iis
1037 3213 1129 3272 etiam

188 3349 233 3416 ll,
252 3354 268 3402 9
287 3347 331 3474 ao)
361 3345 398 3400 ad
420 3345 546 3414 Wdlsfla'n
566 3344 665 3400 Pbc'lol.
687 3347 734 3410 27,
751 3347 807 3400 219
831 3345 836 3412 Ι
863 3348 895 3397 10
922 3340 1132 3399 insimulabant

115 3420 274 3491 Nipperdey
290 3423 294 3489 t
329 3418 355 3486 b,
372 3424 404 3472 13
420 3431 518 3470 causas
533 3414 639 3472 Slater:
659 3429 744 3469 causa
763 3415 887 3484 (causam
900 3413 990 3484 volgo)
1006 3414 1041 3481 cf.
1052 3414 1131 3473 Suet.

116 3491 177 3547 Tit.
195 3495 232 3545 47
