2392 3876
259 189 307 244 AB
324 189 486 246 EXOESSU
502 189 660 245 annusrl
677 189 750 245 XIII.
769 196 883 247 ot-oo.
1008 189 1071 254 281

65 343 202 420 iungere,
220 339 299 419 quod
318 346 436 418 gentem
456 357 539 400 suam
558 340 668 401 dicioni
686 347 806 401 nostrae
824 339 981 401 subiceret.
1016 358 1074 420 quo
1173 413 1174 416 Ἴ

66 436 177 488 tautam
190 436 306 505 partem
320 429 416 507 campi
429 430 539 508 iacere,
558 430 589 489 in
609 446 696 507 quam
709 446 818 508 pecora
832 436 862 489 et
876 435 1007 489 armenta
1021 430 1074 488 mi·

66 517 153 577 litum
174 517 330 596 aliquando
351 513 646 578 transmitterentur?
668 525 821 578 servarent
844 535 914 577 sane
937 524 1075 596 receptus
1089 531 1116 571 1⁰
1171 544 1172 549 ¹

67 604 207 684 gregibus
224 608 303 667 inter
320 605 474 666 bominum
492 606 614 686 famem,
631 605 719 666 modo
733 623 771 666 ne
785 607 951 667 vastitatem
965 612 995 665 et
1009 605 1076 665 soli·

67 693 200 755 tudinem
217 693 339 754 mallent
357 712 445 773 quam
464 694 574 755 amicos
593 693 727 773 populos.
755 694 969 758 Chamavorum
984 711 1075 773 quon·

67 783 134 843 dam
148 801 182 843 ea
196 801 274 862 arra,
292 800 362 842 mox
375 780 544 843 Tubantum
558 789 588 843 et
602 790 670 861 post
683 781 842 862 Usiporum
857 783 959 844 fuisse.
989 784 1077 842 sicuti

67 871 181 932 caelum
205 870 281 950 deis,
308 872 350 944 ita
372 877 468 931 terras
492 872 594 948 generi
621 871 790 932 mortalium
818 870 914 951 datas3
942 888 1076 950 quaeque

67 977 190 1039 vacuae,
209 976 258 1018 eas
276 956 410 1036 pubbcas
429 975 503 1019 esse.
546 956 638 1020 solem
655 959 724 1020 inde
743 962 910 1039 suspiciens
930 967 961 1021 et
979 967 1077 1020 cetera
1091 973 1119 1014 1⁵

69 1048 166 1108 sidera
184 1063 293 1107 vocans
312 1048 396 1125 quasi
416 1062 516 1107 coram
539 1046 751 1129 interrogabat,
774 1047 920 1109 vellentne
943 1048 1079 1109 contueri

67 1139 155 1197 Inane
174 1134 283 1196 solum:
301 1135 400 1212 potius
414 1152 496 1197 mare
511 1136 761 1214 superfunderent
774 1136 916 1198 adversus
930 1144 1079 1198 terrarum

69 1233 231 1303 ereptores.

136 1309 187 1374 56.
201 1311 240 1372 Et
253 1318 418 1372 commotus
432 1310 478 1371 bis
492 1311 608 1372 Avitus:
622 1311 758 1391 patienda
772 1312 928 1373 meliorum
942 1315 1080 1393 imperia3

69 1404 99 1463 id
114 1402 174 1480 dis,
188 1419 262 1478 quos
276 1399 472 1480 lnplorarent,
486 1399 640 1480 placitum,
655 1406 688 1460 ut
702 1398 856 1460 arbitrium
870 1418 962 1479 penes
976 1401 1082 1460 Roma·

70 1508 125 1552 nos
138 1496 281 1568 maneret,
296 1487 367 1568 quid
381 1487 486 1548 darent
500 1488 571 1567 qirid
587 1487 760 1568 adimerent,
773 1507 870 1567 neque
885 1488 958 1549 alios
967 1488 1082 1548 iudices

71 1596 159 1660 quam
183 1595 214 1638 se
237 1579 319 1655 ipsos
341 1583 523 1654 paterentur.
564 1575 636 1637 baec
660 1579 691 1637 in
714 1576 866 1655 publicum
888 1577 1081 1656 Ampsivariis

71 1665 237 1746 respondit,
265 1666 324 1744 ipsi
348 1664 483 1725 Boiocalo
511 1663 549 1725 ob
576 1667 749 1726 memoriam
773 1667 919 1726 amicitiae
942 1665 1109 1726 daturums

71 1753 166 1835 agros.
203 1753 282 1833 qirod
304 1751 354 1813 ille
377 1759 411 1814 ut
428 1753 604 1832 proditionis
624 1755 755 1831 pretium
774 1761 949 1832 aspernatus
970 1752 1082 1813 addidit

72 1841 188 1905 ‘deesse
203 1842 288 1902 nobis
302 1849 382 1902 terra
396 1843 428 1902 in
442 1843 544 1922 vitam,
562 1844 593 1902 in
612 1861 669 1922 qua
687 1844 861 1922 moriamur,
880 1860 939 1902 non
958 1836 1081 1921 potest?

72 1941 160 2011 atque
179 1933 220 1991 ita
238 1930 362 1991 infensis
390 1932 539 2009 utrimque
566 1932 672 1991 animis
694 1930 868 1992 discessum.
900 1930 944 1991 illi
961 1930 1081 1991 Bructe·

72 2041 135 2101 ros,
154 2020 330 2099 Tencteros,
353 2018 510 2080 ulteriores
529 2021 617 2080 etiam
634 2020 770 2080 nationes
789 2022 885 2079 socias
903 2017 979 2079 bello
998 2037 1082 2080 voca·

71 2111 155 2171 bant:
173 2109 276 2170 Avitus
295 2110 406 2186 scripto
426 2107 461 2168 ad
481 2106 637 2168 Curtilium
655 2106 799 2169 Manciam
818 2109 981 2187 superioris
1000 2126 1082 2168 erer-
1097 2123 1124 2163 ro

72 2201 149 2259 citus
167 2198 309 2276 legatum,
327 2203 361 2257 nt
374 2195 511 2256 Rhenum
522 2204 733 2275 transgressus
751 2214 831 2257 arma
851 2215 867 2257 a
886 2204 970 2275 tergo
985 2205 1082 2258 osten-

73 2287 170 2363 deret,
189 2288 253 2363 ipse
271 2285 402 2363 legiones
421 2286 452 2344 in
470 2302 574 2363 agrum
588 2284 767 2346 Tencterum
785 2286 914 2365 induxit,
934 2285 1082 2345 excidium

72 2376 226 2453 miditens,
248 2375 280 2433 ni
298 2390 416 2433 causam
435 2390 519 2432 suam
533 2373 737 2433 dissocIareut.
765 2375 856 2452 Igitur
870 2371 1082 2456 absistentibus

72 2463 120 2523 his
133 2463 199 2540 pari
212 2468 294 2523 metu
308 2462 443 2521 exterriti
456 2459 606 2540 Bructeri3
625 2468 656 2521 et
668 2461 777 2522 ceteris
792 2479 911 2539 quoque
925 2460 1019 2520 aliena
1033 2478 1082 2537 pe·

74 2550 167 2610 ricula
188 2547 395 2610 deserentibus
415 2546 477 2607 sola
492 2547 745 2626 AmpsIvariorum
766 2564 839 2625 gens
860 2555 941 2607 retro
962 2548 997 2607 ad
1019 2546 1083 2607 Usi·
1098 2561 1124 2601 1⁵

74 2655 129 2716 pos
148 2645 178 2697 et
196 2635 346 2696 Tubantes
364 2636 520 2695 concessit.
549 2653 675 2714 quorum
693 2637 783 2695 terris
802 2637 897 2694 exacti
916 2653 982 2695 cum
998 2634 1083 2696 Cbat-
1139 2665 1142 2672 ¹

75 2735 134 2799 tos,
149 2725 217 2784 dein
236 2723 403 2785 Cheruscos
421 2725 580 2803 petissent,
598 2740 700 2783 errore
719 2722 806 2802 longo
825 2721 970 2805 hospites,
989 2727 1084 2804 egeni,

145 2965 191 3033 55,
206 2971 222 3021 8
242 2980 297 3034 quo
311 2965 420 3018 tantam
433 2964 562 3035 Lepsios:
581 2965 696 3032 quotum
710 2965 856 3034 (quantem
868 2963 960 3020 Ritter
973 2965 1081 3037 prinu}

74 3045 108 3093 to
126 3037 255 3105 receptos
275 3078 281 3090 .
301 3076 307 3089 .
326 3034 442 3103 famem,
466 3053 514 3093 em.
532 3035 686 3106 Agricola!
703 3039 736 3090 15
759 3033 914 3104 suspiciens
936 3035 1083 3090 Heinsr'us:

74 3105 233 3179 despicIens
253 3106 402 3176 (aspiciens
421 3107 581 3177 Rhenanus)
600 3107 635 3172 ef.
657 3104 745 3162 Germ.
765 3107 871 3174 10116
890 3105 1033 3173 uelletne!
1051 3112 1084 3160 11

74 3177 283 3249 superfundere,
302 3194 349 3232 em.
368 3177 519 3232 Rhenanus
538 3176 691 3245 (velletne.
707 3220 713 3232 .
730 3174 944 3246 superfunderet
961 3175 1083 3248 Ritter)l

74 3250 149 3317 so,1
169 3250 210 3320 c]
229 3263 281 3302 nec
299 3232 397 3302 worm
412 3251 416 3318 ι
432 3246 546 3301 marcus
562 3250 567 3318 ι
583 3254 599 3302 2
617 3245 661 3320 iu]
680 3245 722 3301 aa
733 3245 862 3316 mpura,
881 3244 923 3299 nt
940 3245 971 3298 ia
985 3245 1086 3313 aseer,

74 3318 116 3372 ite
137 3319 234 3375 Wurm
258 3323 262 3387 Ι
288 3319 400 3372 'iterra
420 3319 451 3372 in
473 3317 561 3372 vitam
582 3317 644 3373 Juo.
666 3315 833 3373 Gronoviusz
860 3318 965 3371 terram
989 3315 1087 3370 uiuam

75 3391 161 3455 (terra
176 3389 227 3444 nbi
244 3387 371 3443 vivamus
390 3387 482 3459 Sillipl
498 3391 503 3457 Ι
521 3394 553 3442 12
567 3386 734 3442 Tencterum
746 3387 912 3442 Beroaldus:
932 3389 1059 3442 tenerum
1078 3384 1083 3460 l

75 3466 108 3515 13
128 3459 319 3526 arietantibus,
338 3477 386 3514 em.
405 3458 557 3514 Rhenanus
581 3461 585 3528 Ι
611 3463 644 3513 15
663 3456 856 3513 deserentibus
879 3459 961 3513 idem:
990 3457 1085 3514 defen-

75 3529 207 3584 dentibus
224 3534 229 3601 Ι
246 3537 279 3586 17
298 3532 403 3585 etmore
772 3573 774 3577 .
