2392 3876
253 174 303 230 AB
320 166 481 233 ROESSU
498 175 654 233 AUGUSTI
670 176 742 233 XIII.
763 184 859 234 e-to.
1005 175 1071 242 255

60 325 167 403 lamae,
185 342 261 404 quae
275 325 307 385 in
320 325 405 385 novis
423 326 538 404 coeptIs
553 324 730 387 validissIma
744 335 803 406 est,
821 327 927 387 itinere
941 343 1069 405 propere

60 412 196 474 conlecto
215 412 293 493 apud
311 412 424 491 Aegeas
442 415 592 475 civilatem
611 414 729 475 Ciliciae
749 414 868 475 obvium
886 413 1070 486 Quadratum
1084 430 1110 472 aa

60 501 173 582 babuit,
186 500 257 563 illuc
270 519 470 582 progressum,
485 520 532 583 ne,
546 504 573 563 si
586 502 622 564 ad
637 503 823 582 accipiendas
836 505 937 581 coplas
952 502 1070 564 Sumam

60 592 230 651 intravisset
243 588 384 670 Corbulo,
403 592 536 651 omnium
554 609 606 652 ora
624 593 657 653 in
674 609 707 653 se
725 599 868 672 verteret,
888 601 1013 670 corpore
1027 592 1071 652 in·

60 696 147 761 gens,
166 677 264 740 verbis
282 678 446 758 magnificis
460 690 492 740 et
503 697 595 758 super
609 681 821 760 experientiam
837 681 1070 759 sapientiamque

60 770 149 829 etiam
163 759 262 847 specie
275 768 408 828 inanium
422 767 545 829 validus.
732 839 735 847 Ι

127 853 157 919 9.
180 855 318 918 Ceterum
343 863 470 935 uterque
492 856 529 917 ad
552 855 725 936 Vologesem
746 875 848 937 regem
871 859 985 919 nuntiis
1010 874 1070 917 mo·

60 945 183 1024 nebant,
201 962 305 1024 pacem
323 961 411 1025 quam
429 943 538 1006 bellum
557 945 656 1007 mallet
674 946 810 1026 datisque
829 945 982 1008 obsidibus
1001 944 1071 1006 soli-

60 1042 120 1094 tam
135 1031 286 1111 prioribus
299 1034 494 1093 reverentiam
504 1035 536 1094 in
544 1033 687 1113 populum
696 1034 861 1097 Romanum
874 1037 1071 1097 contInuaret.

61 1129 92 1182 et
105 1119 275 1201 Vologeses,
294 1138 353 1200 quo
368 1119 478 1181 bellum
492 1137 530 1181 ex
543 1122 696 1183 commodo
714 1131 846 1204 pararet,
865 1141 902 1185 au
920 1131 955 1184 ut
973 1141 1070 1184 aemu-

60 1210 179 1271 latiouIs
197 1215 353 1289 suspectos
371 1227 426 1287 per
443 1227 552 1271 nomen
570 1209 707 1273 obsidum
726 1220 887 1293 amoveret,
911 1212 1001 1272 tradit
1019 1225 1097 1271 nos

62 1298 221 1360 bilissImos
241 1317 277 1360 ex
295 1297 404 1358 familia
423 1296 639 1360 Arsacidarum.
674 1302 846 1379 accepitque
866 1317 916 1361 eos
935 1302 1070 1360 centurio

62 1388 190 1448 Insteius
214 1386 250 1447 ab
270 1385 417 1447 Ummidio
440 1387 563 1468 missus,
586 1386 663 1448 sorte
686 1389 769 1466 prior
783 1406 816 1449 ea
832 1388 868 1449 de
883 1405 971 1449 causa
991 1388 1070 1448 adito

63 1493 141 1554 rege.
166 1475 244 1554 quod
254 1483 411 1555 postquam
422 1474 584 1536 Corbuloni
593 1477 744 1554 cognitum
758 1483 812 1556 est,
829 1477 873 1536 ire
888 1476 1072 1554 praelectum

63 1564 193 1626 cohortis
214 1562 334 1624 Arrium
356 1562 464 1625 Varum
488 1570 519 1625 et
540 1566 708 1643 reciperare
732 1563 851 1625 obsides
873 1563 965 1624 iubet.
1001 1563 1071 1623 bino

63 1661 161 1714 ortum
172 1655 250 1713 inter
260 1652 443 1730 praelectum
454 1660 485 1714 et
493 1655 699 1714 centurionem
708 1654 838 1731 iurgium
848 1670 885 1713 ne
900 1653 1012 1713 dlutIus
1022 1669 1070 1712 ex·
1086 1668 1112 1708 ro

63 1743 157 1803 ternis
179 1740 348 1821 spectaculo
371 1748 463 1822 esset,
486 1740 643 1803 arbitrium
665 1743 711 1802 rei
728 1740 882 1802 obsidibus
900 1741 1073 1820 legatisque,

63 1832 117 1910 qui
143 1847 194 1891 eos
224 1829 384 1908 ducebant,
413 1833 601 1909 permissum.
646 1836 735 1910 atque
763 1829 808 1890 illi
833 1848 892 1908 per
921 1835 1092 1890 recentem·

63 1919 185 1998 glorIam
209 1925 240 1980 et
261 1918 451 1980 inclinatione
474 1919 600 1998 quadam
619 1921 708 1980 etiam
725 1918 856 1980 bostinm
875 1917 1073 1979 Corbulonem

63 2006 239 2088 praetulere.
271 2007 351 2068 unde
369 2007 516 2069 discordia
535 2009 613 2068 inter
636 2007 741 2088 duces,
764 2013 908 2087 querente
925 2005 1072 2067 Ummidio

63 2103 219 2177 praerepta
233 2113 308 2176 quae
323 2098 386 2158 suls
399 2096 532 2158 consiliis
545 2099 730 2176 patravisset,
743 2103 871 2158 testante
885 2102 988 2156 contra
1002 2093 1071 2156 Cor·
1087 2109 1112 2150 15

64 2185 172 2246 bulone
196 2202 256 2245 non
279 2187 362 2264 prius
386 2203 563 2247 conversum
585 2204 685 2265 regem
706 2186 742 2247 ad
761 2184 927 2246 ollerendos
945 2183 1073 2265 obsides,

65 2291 151 2352 quam
171 2275 236 2352 ipse
255 2273 314 2334 dux
332 2273 409 2334 bello
428 2274 561 2336 delectus
579 2293 648 2353 spes
667 2276 732 2335 eius
751 2274 787 2335 ad
806 2281 918 2335 metum
936 2280 1073 2334 mutaret.

63 2361 141 2422 Nero
156 2379 215 2440 quo
230 2369 422 2440 componeret
439 2362 585 2444 diversos,
604 2365 647 2423 sic
665 2361 796 2441 evulgari
814 2364 914 2423 iussit:
933 2360 970 2421 ob
990 2379 1039 2422 res
1057 2379 1073 2419 a

64 2450 213 2520 Quadrato
232 2458 262 2511 et
276 2449 442 2511 Corbulone
461 2468 604 2529 prospere
623 2457 720 2528 gestas
738 2451 856 2511 laurum
873 2447 1003 2509 lascibus
1021 2450 1073 2508 im-

64 2539 220 2617 peratoriis
234 2537 311 2598 addi.
339 2539 458 2617 quaein
474 2536 547 2598 alios
560 2536 699 2598 eonsules
713 2555 832 2617 egressa
845 2538 995 2597 coniunxi.
1088 2552 1115 2591 ro

135 2621 184 2686 10.
207 2624 319 2685 Eodem
342 2643 418 2685 anno
442 2624 549 2686 Caesar
572 2626 699 2704 elllgIem
722 2623 774 2686 Cn.
793 2624 921 2685 Domitio
944 2625 1022 2702 patri
1045 2631 1075 2686 et

65 2712 233 2774 consularia
251 2714 377 2790 insignia
396 2713 522 2773 Asconio
541 2712 686 2794 Labeoni,
710 2730 769 2791 quo
792 2719 892 2773 tutore
910 2730 984 2773 usus
1002 2720 1075 2792 erat,

65 2803 170 2882 petivit
183 2819 200 2862 a
214 2808 333 2881 senatu3
351 2800 468 2880 sibique
488 2809 601 2863 statuas
620 2809 742 2880 argento
757 2801 803 2862 vel
817 2817 890 2861 auro
904 2800 1013 2862 subdas
1027 2801 1083 2862 ad.

65 2909 169 2952 versus
184 2890 341 2951 ollerentes
355 2889 516 2969 probibuit.
539 2897 570 2952 et
583 2907 761 2970 quamquam
771 2892 958 2952 censuissent
967 2897 1074 2970 patres,

64 2990 98 3043 ut
111 2980 293 3060 principium
306 2981 377 3040 anni
389 2980 535 3059 inciperet
548 2997 649 3041 mense
659 2978 825 3060 Decembri,
839 2997 899 3059 quo
912 2986 997 3041 ortus
1012 2985 1075 3040 erat
1089 2992 1102 3032 ⁵

136 3170 166 3239 8,
188 3175 220 3225 15
240 3184 337 3237 egeas,
360 3166 851 3250 ern.Lo'peica118megniflcuool.
906 3167 938 3232 t),
958 3172 972 3219 t
995 3168 1077 3221 Immo

63 3241 224 3310 Vologesen
239 3245 244 3309 Ι
259 3238 367 3293 nuntiis
385 3237 479 3293 missus
497 3239 590 3295 Ritter
612 3243 616 3304 Ι
641 3245 659 3293 4
677 3237 824 3293 commodo
879 3243 984 3293 creua:
1009 3252 1076 3304 quo-

64 3311 148 3367 modo
164 3315 169 3382 Ι
184 3313 317 3384 pararent
330 3316 346 3365 1
360 3328 394 3365 m.
411 3313 416 3380 Ι
433 3309 588 3436 aptiores
603 3310 744 3366 Moratum
759 3308 852 3391 priore
867 3311 874 3391 ι
889 3306 1013 3389 luillae
1023 3325 1057 3362 m.
1071 3307 1074 3378 l

64 3398 115 3452 per
133 3385 195 3439 add.
211 3382 423 3450 Weissenborn,
446 3397 463 3436 o
502 3382 538 3437 oi.
563 3385 568 3450 Ι
593 3386 628 3436 1⁸
646 3378 831 3436 inclinationi
864 3377 1077 3433 melmaatuonem

65 3452 208 3521 quandam
221 3454 296 3578 ⁰2¹
318 3452 470 3509 corbulone
494 3455 499 3522 1
525 3456 558 3507 18
576 3450 704 3507 diueraua
728 3455 734 3523 Ι
756 3456 794 3506 20
811 3449 848 3504 ud
871 3450 876 3462 '
896 3448 1075 3507 Romulensis:

64 3521 178 3579 addidit
197 3522 245 3595 (ed
268 3523 335 3579 ’mm
352 3524 454 3596 Retter)
470 3527 475 3594 Ι
491 3521 663 3592 comunem,
682 3538 729 3579 em.
747 3521 899 3577 Rieuouue
