2392 3876
160 874 235 934 Cum
253 873 351 934 Taciti
372 873 465 932 libros
487 872 598 931 iterum
620 887 907 950 recognosceremus,
930 888 991 928 non
1013 871 1078 926 tan-

71 967 149 1039 tum,
170 967 206 1022 ut
226 982 283 1040 par
304 964 382 1038 erat,
405 961 541 1039 egregias
557 960 722 1036 Nipperdei
741 963 771 1018 et
789 958 900 1018 Haasei
923 975 1009 1016 curas
1029 957 1079 1015 ad-

71 1053 235 1128 hibuimus,
254 1052 307 1110 sed
324 1051 416 1110 ctiam
433 1053 570 1109 veterum
584 1048 756 1108 criticorum
770 1047 997 1107 commentarios
1014 1045 1079 1102 dili-

71 1144 177 1219 genter
197 1139 459 1216 perlustravimus,
482 1138 534 1216 qui
556 1154 647 1214 quam
669 1136 784 1214 cogniti
807 1136 868 1194 sint
889 1154 949 1193 uno
968 1134 1081 1192 illustri

71 1229 206 1304 exemplo
229 1228 383 1287 ostendere
407 1245 513 1303 operae
536 1226 669 1302 pretium
686 1226 814 1284 videtur.
850 1223 888 1282 11
905 1224 982 1282 libro
1003 1221 1082 1280 enim

72 1317 226 1376 annalium
239 1315 307 1390 XII,
324 1319 362 1372 11
382 1314 543 1373 lectionem
559 1314 669 1371 falsam
686 1317 764 1371 tanto
782 1312 948 1371 toleratiorc
962 1329 997 1370 ex
1011 1329 1082 1370 vera

71 1410 151 1464 tacto
174 1406 295 1461 laetiora
318 1402 512 1477 depravatam
534 1417 598 1458 esse
618 1418 716 1474 nuper
737 1399 835 1457 Haase
857 1399 891 1458 in
911 1399 1004 1475 praef.
1023 1400 1081 1457 vol.

72 1493 130 1568 Ip.
144 1490 227 1547 LXX
243 1491 324 1547 recte
343 1487 473 1546 monuit:
496 1488 528 1543 at
546 1486 619 1560 quid
636 1486 697 1544 iam
715 1486 870 1544 Acidalius
888 1487 1010 1545 criticus
1030 1487 1082 1544 ille

73 1580 106 1638 in
123 1577 227 1653 paucis
244 1576 418 1652 ingeniosus
436 1572 576 1649 scripsit?
611 1567 757 1632 ‘Muretus
775 1573 872 1634 voluit
890 1579 967 1633 tacto
986 1577 1093 1633 taetri·-

73 1685 137 1734 ora,
161 1664 239 1743 quod
261 1665 350 1740 plane
372 1681 433 1722 non
454 1661 600 1721 convenit.
636 1661 700 1721 Nec
718 1680 773 1739 ego
793 1661 852 1722 scio
872 1661 945 1739 quid
967 1663 1082 1720 faciam.

73 1754 215 1814 Hariolor
226 1755 356 1829 tantum,
374 1755 452 1810 tauto
470 1752 600 1818 laetiora,
619 1750 697 1810 bono
712 1750 832 1827 quidem
849 1768 952 1809 sensu:
971 1753 1083 1827 quanto

72 1843 219 1901 inusitata
240 1840 337 1918 magis
359 1859 394 1899 ac
416 1858 495 1899 nova
517 1839 667 1917 barbaris,
693 1841 779 1899 tanto
802 1840 937 1916 gratiora
959 1832 1083 1898 futura?

73 1931 183 1991 Postea
205 1929 397 2006 cognovimus
419 1928 452 1986 in
473 1929 598 1988 candem
620 1928 871 2004 emendationem,
900 1947 975 2004 quae
998 1928 1084 1987 nobis

74 2018 194 2096 quidem
208 2017 373 2086 certissima
386 2016 514 2090 videtur,
532 2016 594 2075 iam
605 2015 750 2076 Ursinum
766 2017 915 2092 incidisse,
935 2036 970 2076 ac
982 2020 1085 2096 tamen

74 2107 138 2165 eius
151 2105 236 2164 nulla
248 2106 359 2165 mentio
378 2106 411 2163 in
429 2105 649 2164 commentariis
667 2105 880 2182 recentiorum,
903 2123 1085 2182 quamquam

74 2194 247 2253 Waltherus
270 2193 392 2270 quidem
414 2211 490 2269 quae
512 2196 629 2253 veteres
652 2193 749 2252 critici
774 2195 887 2254 habent
909 2194 988 2253 bona
1010 2193 1084 2252 satis

74 2275 235 2360 diligenter
257 2282 387 2360 collegit.
423 2280 570 2340 Videmur
592 2283 693 2340 autem
714 2282 800 2341 nobis
821 2301 883 2342 non
901 2282 964 2342 sine
983 2281 1083 2358 aliquo

74 2371 176 2428 fructu
192 2370 248 2429 hos
259 2364 364 2429 'fontes
381 2370 514 2429 nondum
532 2369 692 2450 exhaustos
710 2369 821 2445 adisse,
838 2369 992 2430 invenient
1006 2371 1085 2429 enim

73 2456 209 2518 homines
221 2456 351 2516 litterati
359 2458 476 2534 aliquot
485 2458 579 2515 bonas
589 2457 809 2516 emendationes
824 2476 842 2515 1
855 2457 941 2517 nobis
954 2457 1086 2534 primum

75 2546 107 2603 in
119 2545 279 2604 verborum
293 2548 465 2604 contextum
477 2545 622 2619 receptas,
636 2562 712 2620 quae
725 2545 852 2602 nimium
865 2545 919 2604 diu
930 2545 1084 2623 neglectae

74 2633 238 2690 iacuerant.
273 2631 311 2689 In
329 2632 396 2690 aliis
413 2631 488 2691 locis
506 2631 604 2688 critici
618 2634 738 2690 nostrae
753 2633 861 2691 aetatis
875 2632 948 2709 quid
962 2633 1085 2692 Tacitus

76 2715 245 2793 scripsisset
270 2717 345 2776 bene
367 2719 415 2776 illi
437 2716 558 2794 quidem
584 2717 771 2798 divinarunt,
798 2721 851 2780 sed
876 2722 943 2780 laus
970 2720 1086 2781 inventi

76 2805 168 2865 alicui
190 2803 337 2881 superiori
366 2805 396 2863 in
420 2807 631 2867 commentario
654 2810 757 2868 nostro
780 2808 885 2868 critico
907 2809 1086 2869 vindicanda

64 2896 148 2956 erat.
193 2892 230 2952 In
251 2895 332 2952 hunc
354 2895 456 2953 autem
477 2913 579 2954 omnes
605 2895 748 2955 lectiones
772 2897 920 2973 codicum,
948 2916 1024 2975 quae
1047 2899 1085 2957 ob

75 2981 207 3058 aliqnam
224 3001 346 3042 causam
363 2983 487 3060 cognitu
505 2984 611 3061 dignae
629 2985 822 3062 videbantur,
840 2986 1013 3047 rettulimus
1031 3005 1086 3046 nec

74 3071 169 3128 ullam
190 3070 276 3129 nobis
298 3071 533 3147 praetermisisse
556 3072 704 3150 videmur,
735 3093 811 3151 quae
839 3075 971 3152 aliquem
996 3093 1085 3134 usum

75 3157 114 3215 ad
126 3158 218 3216 verba
237 3159 391 3234 scriptoris
409 3160 594 3220 emendanda
614 3162 757 3239 praebere
780 3164 883 3240 possit.
926 3164 1086 3224 Praeterea

73 3264 134 3304 non
155 3247 275 3304 tantum
298 3249 538 3309 emendationum
565 3254 702 3311 auctores
730 3251 792 3312 auis
815 3253 983 3330 quibusque
1010 3253 1084 3313 locis

74 3332 279 3410 indicarimus,
302 3334 467 3395 sedetiam
490 3337 639 3398 delectum
659 3340 907 3414 coniecturarum,
931 3360 1006 3418 quae
1024 3361 1085 3400 non
1118 3372 1152 3384 κ

75 3419 276 3481 admittendae
285 3421 473 3501 videbantur,
487 3429 697 3504 congessimus,
711 3447 772 3487 111
781 3448 840 3504 quo
851 3449 952 3489 omnes
962 3431 1083 3507 cognitu

832 3526 869 3578 a*
