2392 3876
141 170 206 236 180
491 167 797 226 commumoni

100 333 126 376 ro
140 320 348 398 comperisset,
367 336 457 398 quem
476 325 539 378 tum
559 335 683 398 aunum,
702 317 821 397 qualem
838 317 919 402 diem
936 316 1069 380 haberet.
1106 319 1156 382 ille

139 409 255 487 positus
273 407 405 468 siderum
423 425 457 467 ac
472 407 568 485 spatia
583 405 736 467 dimensus
751 404 874 467 haerere
888 409 998 488 primo,
1016 407 1089 476 dein
1104 427 1156 488 pa·

139 514 273 576 vescere,
292 504 322 556 et
340 502 484 574 quantum
504 496 729 574 introspiceret,
747 497 841 573 magis
859 497 1000 573 armagis
1014 497 1156 574 trepidus

140 585 342 646 admirationis
362 590 391 643 ct
404 590 516 662 metus,
536 589 687 661 postremo
702 582 845 644 exclamat
858 582 1032 662 ambiguum
1046 583 1106 645 sibi
1121 605 1155 647 ac

140 691 233 752 prope
257 672 394 733 ultimum
413 671 572 731 discrimen
590 671 710 732 instare.
743 679 806 732 tum
826 670 996 750 complexus
1015 690 1087 734 eum
1105 673 1154 736 'li-

101 761 243 823 roberius
265 761 433 839 praescium
457 757 659 837 periculorum
678 766 708 819 et
730 758 908 820 incolumem
926 760 990 821 sore
1008 768 1153 842 gratatur,

142 867 276 928 quaeque
300 847 414 908 dixerat
437 845 528 907 oracli
550 848 615 907 vice
633 848 784 925 accipiens
806 849 885 908 inter
904 849 1025 909 intimos
1045 852 1153 911 amico-

141 955 208 998 rum
228 942 318 996 tenet.

209 1021 260 1084 22.
285 1022 343 1083 Sed
361 1022 435 1083 milri
452 1020 526 1082 haec
545 1040 580 1083 ac
597 1021 667 1084 talia
686 1023 820 1085 audienti
831 1025 864 1085 in
878 1024 992 1085 incerto
1007 1025 1153 1088 iudicium

141 1119 196 1192 est,
214 1112 312 1172 latone
331 1127 380 1171 res
398 1109 567 1171 mortalium
587 1118 617 1171 et
635 1113 813 1173 necessitate
832 1111 1009 1173 immutabili
1022 1130 1062 1175 an
1075 1113 1153 1176 forte

141 1199 303 1261 volvantur.
345 1201 455 1278 quippe
486 1200 720 1277 sapientissimos
751 1208 885 1262 veterum
909 1203 1020 1280 quique
1040 1209 1154 1264 sectam

141 1306 245 1349 eorum
259 1283 444 1348 aemulantur
463 1287 596 1349 diversos
613 1289 759 1368 reperies,
778 1306 812 1349 ac
832 1287 933 1348 multis
951 1285 1072 1350 insitam
1091 1293 1152 1371 opi·

102 1393 115 1434 5
142 1379 261 1439 nioncm
280 1394 339 1439 nou
358 1378 441 1438 initia
460 1378 568 1456 nostri,
586 1394 647 1437 non
664 1377 767 1456 tinem,
790 1394 850 1437 non
868 1376 997 1457 denique
1015 1377 1153 1441 homines

142 1465 188 1527 dis
207 1483 310 1547 curae,
328 1464 395 1526 ideo
410 1463 590 1526 creberrime
604 1466 702 1526 tristia
715 1466 746 1524 in
760 1463 869 1544 bonos,
888 1464 963 1526 lacta
977 1466 1056 1544 apud
1071 1466 1153 1528 dete·

141 1557 238 1616 riores
257 1572 330 1615 esse.
368 1562 471 1615 contra
489 1552 540 1614 alii
557 1554 650 1614 latum
669 1553 789 1631 quidem
803 1571 968 1632 congruere
987 1552 1082 1617 rebus
1099 1574 1152 1635 pu·

141 1652 213 1724 tant,
233 1643 284 1703 sed
303 1660 363 1704 non
382 1660 398 1702 e
416 1644 497 1721 vagis
517 1640 622 1723 stellis,
641 1659 745 1702 verum
759 1641 836 1720 apud
849 1643 996 1721 principia
1010 1650 1042 1704 et
1056 1661 1152 1706 nexus

142 1731 321 1792 naturalium
344 1748 513 1810 causarum3
536 1748 571 1791 ac
594 1737 691 1791 umen
710 1728 888 1791 electionem
905 1732 982 1792 vitae
1000 1729 1088 1791 nubis
1108 1750 1152 1792 re·

102 1836 128 1876 ιο
141 1819 294 1899 linquunt,
313 1836 401 1897 quam
420 1817 472 1879 ubi
486 1817 624 1899 elegeris,
643 1826 759 1880 certum
773 1819 991 1880 imminentium
1004 1819 1150 1881 ordinem.

142 1925 239 1987 neque
258 1906 333 1967 mala
350 1905 397 1966 vel
415 1905 507 1987 hona,
530 1924 605 1985 quae
623 1905 729 1984 vulgus
746 1914 845 1986 putet:
867 1906 990 1988 multos,
1010 1909 1063 1987 qui
1083 1927 1151 1970 con·

142 1995 249 2055 llictari
267 1995 398 2054 adversis
417 1994 586 2072 videantur,
610 1993 725 2074 beatos,
744 2003 774 2055 at
792 1994 950 2074 plerosque
969 2013 1152 2076 quamquam

141 2100 262 2160 magnas
284 2100 339 2160 per
357 2099 429 2160 opes
447 2083 644 2162 miserrimos,
668 2084 694 2143 si
711 2083 754 2145 illi
772 2101 892 2162 gravem
911 2083 1063 2146 fortunam
1081 2103 1151 2146 con·

143 2177 256 2230 stanter
278 2169 420 2249 tolerent,
444 2169 477 2230 hi
498 2187 641 2248 prospera
660 2171 827 2232 inconsulte
845 2180 976 2233 utantur.
1016 2180 1151 2235 ceterum

103 2273 128 2315 ιε
141 2257 278 2337 plurimis
297 2258 465 2318 mortalium
480 2276 539 2321 non
553 2259 706 2339 eximitur,
724 2261 798 2339 quin
810 2262 907 2341 primo
922 2261 1067 2340 cuiusque
1083 2270 1151 2322 ortu

142 2355 267 2410 ventura
285 2346 487 2429 destinentur,
506 2347 557 2408 sed
574 2346 718 2426 quaedam
732 2365 820 2409 secus
835 2366 923 2427 quam
936 2348 1015 2409 dicta
1030 2351 1091 2411 sint
1106 2369 1151 2412 ca·

142 2436 226 2518 dero,
251 2434 372 2496 fallaciis
395 2437 496 2515 ignara
519 2435 705 2497 dicentiumr
723 2437 764 2498 ita
787 2438 938 2516 corrumpi
961 2436 1050 2498 tidem
1068 2440 1150 2519 artis,

143 2527 229 2586 cuius
255 2524 333 2586 clara
359 2525 535 2586 documenta
558 2532 588 2586 et
611 2525 731 2603 antiqua
755 2532 835 2586 aetas
860 2533 890 2587 ct
915 2530 1016 2586 nostra
1039 2524 1150 2587 tulerit.

143 2615 252 2695 quippe
276 2632 292 2675 a
315 2612 374 2674 lilio
394 2613 527 2675 eiusdem
545 2611 694 2674 Thrasulli
711 2613 896 2693 praedictum
913 2612 1041 2674 Neronis
1059 2615 1151 2695 impe-

102 2715 129 2756 ro
142 2704 232 2804 rium·
248 2704 279 2762 in
306 2709 440 2783 tempore
468 2700 695 2783 memorabitur,
722 2718 760 2762 na
783 2719 863 2764 nunc
891 2703 1010 2781 incepto
1032 2701 1151 2784 longius

142 2788 380 2938 alropplfflem
398 2878 571 2939 constdibus
589 2878 684 2938 Asinii
701 2876 777 2939 Galli
793 2895 875 2940 mors
892 2877 1043 2961 vulgatur,
1062 2897 1151 2959 quem

142 2969 272 3043 egestate
293 2964 355 3024 cibi
372 2974 560 3044 peremptum
578 2964 658 3027 haud
676 2964 812 3047 dubium,
832 2973 937 3046 sponte
955 2966 1002 3029 vel
1021 2970 1151 3030 necessi·

141 3058 215 3134 tate,
237 3052 386 3113 incertum
404 3051 578 3115 habebatur.
614 3053 828 3133 consultusque
847 3054 955 3116 Caesar
973 3073 1011 3116 an
1030 3056 1152 3136 sepeliri

213 3222 259 3288 21,
280 3223 498 3292 11paueaeente
525 3225 686 3292 (pavescens
710 3223 773 3279 Jac.
795 3221 959 3296 Gronovius)
984 3228 989 3296 Ι
1016 3225 1149 3298 tonici}

142 3291 188 3360 22,
203 3299 219 3348 3
239 3294 330 3348 sectas
345 3294 350 3362 Ι
366 3291 515 3362 treperias
531 3309 599 3347 corr.
609 3311 643 3348 m.
653 3300 738 3349 cetere
755 3295 787 3348 in
804 3293 940 3363 reperies,
962 3296 996 3363 ef.
1015 3300 1043 3364 4,
1062 3299 1099 3352 33
1114 3297 1119 3365 Ι
1135 3302 1151 3352 6

142 3363 309 3418 creberrime
329 3363 510 3419 Freinsheim:
539 3363 693 3420 creberimc
716 3365 745 3418 et
782 3363 946 3433 tingruere
964 3366 1074 3437 Nipper
1145 3365 1150 3439 1

141 3439 175 3487 tt
196 3435 323 3488 aberrem
340 3435 474 3490 Heinsius
489 3438 494 3501 l
510 3433 555 3503 23,
575 3440 591 3488 2
609 3435 668 3492 uall
689 3452 725 3490 an
773 3435 875 3503 reinna,
896 3441 926 3492 at
944 3437 978 3506 ef.
997 3436 1033 3492 Δ.
1051 3369 1153 3494 eadgar

142 3505 175 3559 de
188 3511 264 3575 part.
283 3523 322 3562 an
336 3523 366 3577 p.
385 3509 423 3562 12
442 3505 526 3576 (Prot.
545 3509 623 3562 1865Ι
