2392 3876
297 204 345 260 ee
364 205 527 261 excussu
544 205 700 263 eueusm
717 207 751 264 11.
770 175 883 264 e1-oe.
985 192 988 196 ‘
1054 208 1096 273 83

84 356 198 436 clipeus
217 373 289 418 auro
309 361 340 416 et
357 354 560 433 magnitudine
575 356 701 434 insignis
714 357 794 417 inter
807 363 944 417 auctores
958 356 1097 436 eloquen-

84 448 157 527 tiae,
180 444 363 506 adseveravit
381 443 518 504 Tiberius
538 443 658 506 solitum
678 463 840 524 paremque
859 448 966 506 ceteris
985 447 1097 508 dicatu·

19 543 22 550 '
84 553 165 596 ruma
183 551 281 637 neque
300 533 380 594 anim
398 531 596 611 eloquentiam
617 533 736 595 fortuna
755 535 894 614 discerni,
914 543 944 596 et
963 537 1061 596 satis
1053 553 1096 595 rn

83 624 187 703 lustro,
206 625 233 683 si
251 629 366 684 veteres
387 623 466 682 inter
485 623 647 700 scriptores
667 622 837 684 haberetur
870 633 1009 702 equester
1023 623 1095 684 ordo
1111 635 1155 722 1⁵,

84 730 212 774 cuneum
220 709 775 791 Germaniciappellavit,qu11unrorum
783 709 946 791 dicebatur
955 713 1097 772 instituit·
1139 723 1147 768 v

84 819 141 881 que
156 803 202 862 uti
215 807 331 862 turmae
345 797 444 860 idibus
459 797 564 860 Iuliis
556 801 713 878 voraginem
728 802 792 860 eius
803 809 1009 879 sequerentur
1036 799 1143 879 ple-

83 907 175 968 raque
194 895 327 950 manent:
349 887 492 966 quaedam
511 890 611 950 statim
630 891 738 951 omissa
753 896 823 950 sunt
837 896 888 950 aut
901 895 1033 950 vetustas
1047 886 1097 949 ob·

82 977 233 1039 litteravit

152 1062 204 1128 84.
234 1064 373 1126 Ceterum
396 1067 511 1127 recenti
533 1066 629 1127 adhuc
651 1068 799 1128 maestitia
822 1084 907 1128 soror
930 1065 1097 1128 Germanici

65 1153 173 1239 livia,
191 1161 283 1233 nupta
298 1153 403 1234 Druso,
422 1154 498 1216 duos
517 1155 611 1216 virilis
631 1173 720 1216 sexus
733 1155 822 1216 simul
837 1157 921 1216 enixa
936 1162 989 1215 est.
1018 1154 1097 1233 qued

83 1261 184 1306 rarum
197 1243 367 1321 laetumque
382 1244 471 1304 etiam
484 1243 609 1304 modicis
628 1243 786 1322 penatibus
799 1250 881 1305 tanto
895 1243 1002 1322 gaudio
1016 1245 1097 1321 prin-

83 1335 180 1412 cipem
195 1332 312 1411 adiecit,
327 1339 434 1392 utnon
448 1333 659 1410 temperaverit
673 1334 745 1410 quin
759 1334 883 1393 iactaret
896 1331 974 1410 apud
989 1339 1097 1411 patres,

83 1421 158 1483 nulli
172 1429 240 1481 ante
250 1419 452 1480 Romanorum
464 1420 597 1480 eiusdem
612 1419 722 1497 lastigii
735 1422 799 1480 viro
814 1421 959 1498 geminam
974 1423 1098 1498 stirpem
1111 1433 1124 1473 5

11 1575 13 1578 ,
84 1510 206 1570 editam:
227 1525 296 1568 nam
310 1513 427 1586 cuncta,
441 1509 529 1568 etiam
543 1508 674 1586 lortuita,
689 1507 724 1568 ad
739 1506 862 1586 gloriam
876 1508 1017 1568 vertebat.
1046 1507 1098 1567 sed

84 1597 194 1677 populo
208 1596 259 1656 tali
273 1597 305 1656 in
319 1602 452 1674 tempore
467 1595 497 1655 id
512 1614 629 1674 quoque
644 1595 775 1657 dolorem
789 1595 867 1676 tulit,
885 1604 1034 1675 tamquam
1048 1613 1098 1657 au·

85 1695 153 1749 ctus
167 1684 270 1745 liberis
284 1682 399 1744 Drusus
414 1683 534 1745 domum
549 1683 716 1745 Germanici
729 1686 822 1763 magis
837 1692 987 1763 urgueret.

153 1770 203 1837 85.
226 1772 339 1833 Eodem
359 1789 435 1833 anno
454 1772 593 1851 gravibus
612 1781 731 1834 senatus
750 1774 879 1835 decretis
900 1773 992 1835 libido
1015 1773 1098 1834 lemi-

84 1881 190 1925 narum
205 1863 333 1923 coercita
349 1868 538 1943 cautumque,
557 1880 594 1922 ne
614 1870 769 1941 quaestum
784 1880 909 1941 corpore
923 1862 1035 1922 faceret
1049 1863 1099 1923 cui

84 1971 155 2014 avus
176 1959 226 2012 aut
248 1958 333 2029 pater
347 1958 398 2011 aut
411 1952 537 2011 maritus
551 1968 643 2030 eques
657 1950 807 2012 Romanus
826 1951 941 2012 fuisset.
968 1968 1037 2012 nam
1051 1949 1098 2010 Vi-

84 2041 161 2103 stilia
180 2041 328 2119 praetoria
346 2038 456 2100 lamilia
475 2041 573 2118 genita
594 2039 744 2101 licentiam
765 2042 862 2118 stupri
885 2039 964 2119 apud
987 2038 1097 2100 aediles

84 2120 264 2209 vulgaverat,
282 2145 365 2188 more
383 2130 462 2189 inter
476 2135 592 2189 veteres
606 2136 740 2208 recepto,
764 2130 817 2207 qui
839 2130 911 2189 satis
933 2141 1123 2206 poenarum5

85 2220 240 2279 adversum
268 2217 454 2295 inpudicas
446 2235 477 2278 m
500 2219 564 2296 ipsa
587 2217 771 2296 professione
796 2216 900 2296 llagitii
927 2216 1096 2279 credebant.

84 2317 220 2384 exactum
234 2314 264 2367 et
282 2305 421 2366 aTitidio
436 2304 582 2384 Labeone,
596 2305 727 2368 Vistiliae
746 2308 862 2385 marito,
881 2324 936 2367 cur
954 2308 985 2367 in
1003 2323 1096 2367 uxore

84 2369 190 2457 delicti
198 2394 354 2456 manilesta
368 2393 511 2456 ultionem
526 2395 599 2474 legis
613 2397 770 2456 omisisset.
798 2402 887 2475 atque
900 2394 951 2454 illo
961 2402 1097 2474 praeten-

85 2487 172 2547 dente
191 2485 341 2562 sexaginta
361 2483 424 2543 dies
443 2484 480 2545 ad
503 2480 731 2545 consultandum
753 2483 838 2545 datos
861 2483 989 2544 necdum
1012 2500 1096 2561 prae-

84 2576 199 2652 terisse,
223 2574 294 2635 satis
317 2574 413 2632 visum
437 2572 474 2631 de
493 2570 606 2632 Vistilia
630 2579 775 2653 statuere;
798 2589 892 2650 eaque
915 2573 947 2631 in
969 2569 1096 2631 insulam
1110 2583 1137 2624 ao

85 2662 232 2740 Seriphon
251 2660 350 2721 abdita
369 2668 423 2721 est.
451 2668 550 2722 actum
569 2668 599 2721 et
620 2661 655 2722 de
675 2663 769 2722 sacris
787 2661 938 2739 Aegyptiis
956 2657 1096 2721 Iudaicis·

85 2769 143 2830 que
158 2748 303 2828 pellendis
317 2748 486 2827 laetumque
500 2756 617 2828 patrum
632 2750 809 2830 consultum,
822 2756 857 2809 ut
867 2755 1007 2827 quattuor
1016 2747 1096 2809 milia

84 2839 217 2899 libertini
235 2839 353 2915 generis
372 2854 405 2897 ea
424 2839 635 2916 superstitione
655 2839 777 2919 iniecta,
796 2838 864 2917 quis
882 2837 988 2899 idonea
1007 2845 1096 2917 aetas,

83 2931 116 2989 in
129 2926 257 2988 insulam
271 2925 437 2987 Sardiniam
452 2926 640 3008 veherentur,
662 2926 834 2988 coercendis
852 2925 913 2988 illic
930 2925 1095 2988 latrociniis

84 3024 123 3097 et,
148 3018 174 3077 si
193 3015 230 3075 ob
249 3005 422 3092 gravitatem
446 3016 519 3077 caeli
539 3018 726 3097 interissent,
748 3014 805 3075 vile
828 3014 981 3096 damnum3
1004 3015 1096 3076 ceteri
1109 3025 1167 3066 15

84 3106 224 3190 cederent
239 3102 402 3185 ltalia,n1s1
413 3113 523 3166 certam
534 3106 601 3166 ante
612 3106 691 3166 diem
700 3104 839 3184 profanos
849 3106 926 3166 ritus
936 3105 1096 3165 exuissent

150 3191 202 3255 86.
225 3192 298 3254 Post
317 3211 391 3272 quae
410 3193 526 3255 rettulit
541 3193 647 3257 Caesar
666 3193 838 3273 capiendam
851 3196 996 3272 virginem
1010 3194 1041 3251 iu
1055 3190 1096 3250 lo-

84 3300 152 3344 cum
167 3281 282 3363 Occiae,
304 3301 378 3361 quae
399 3290 513 3362 septem
532 3291 562 3344 et
580 3285 793 3364 quinquaginta
807 3301 861 3361 per
876 3299 968 3342 annos
983 3297 1096 3341 summa

155 3416 200 3484 se,
216 3423 249 3472 1³
269 3417 445 3474 adseveravit
459 3418 520 3474 Jae.
537 3417 704 3476 Gronovius·
724 3415 869 3472 adserauil
883 3419 889 3486 l
904 3415 950 3483 84,
965 3413 1095 3469 luiriles

83 3486 276 3614 {isszaffirsse
295 3505 375 3545 secus
393 3490 454 3546 Juc.
476 3489 642 3560 Gronovius)
659 3487 756 3562 185,7
776 3488 905 3560 exactum
922 3458 1095 3543 fatuantur:

845 3647 879 3702 6*
