2392 3876
136 169 177 233 18
485 167 654 223 CORNELII
671 168 790 224 TACITI

133 324 257 376 tentum.
286 316 336 377 sed
352 316 460 396 quihus
476 315 566 377 Silius
580 316 801 397 moderabatur,
820 327 919 380 mente
934 320 1073 400 ambigua
1087 324 1149 385 lor·

134 413 238 465 tunam
254 404 408 466 seditionis
427 405 539 466 alienae
558 404 800 483 speculabantur:
824 407 975 469 inferioris
995 413 1148 473 exercitus

95 510 120 548 ιο
134 493 219 554 miles
233 496 264 554 iu
278 493 392 554 rabiem
405 493 561 572 prolapsus
576 501 629 571 est,
644 501 710 554 orto
720 493 756 554 ab
767 497 1048 558 unetvicensimanis
1059 501 1147 577 quin·

134 583 270 660 tanisque
287 584 386 661 initio,
406 584 556 642 attractis
575 585 670 658 prima
690 600 807 660 quoque
827 601 861 644 ac
879 586 1040 646 vicensima
1055 585 1148 666 legio·

134 670 235 732 nibus:
249 687 317 731 nam
327 670 421 731 isdem
432 672 554 751 ,aestivis
568 672 599 729 in
611 669 722 735 linibus
733 669 875 732 Ubiorum
890 671 1077 734 habebantur
1091 694 1148 753 per

134 761 228 819 otium
247 766 298 818 aut
315 757 389 819 levia
407 760 516 819 munia.
543 759 753 836 igitur-audito
774 759 832 820 linc
846 761 972 839 Augusti
986 764 1149 825 vernacula

134 846 301 926 multitudo,
316 864 411 924 nuper
425 854 490 907 acto
506 848 538 907 in
558 846 632 907 urhe
652 847 774 927 dilectu,
793 847 928 909 lasciviae
948 858 1047 930 sueta,
1066 850 1149 912 labo·

95 953 120 993 15
135 953 202 996 rum
224 933 401 1014 intolerans,
423 934 546 1013 implere
571 943 741 996 ceterorum
763 935 854 997 rudes
877 939 1003 998 animos:
1027 942 1149 1001 venisse

135 1032 329 1102 tempusque
350 1025 481 1083 veterani
499 1030 645 1083 maturam
663 1025 847 1104 missionem,
870 1027 993 1086 iuvenes
1016 1026 1148 1106 largiora

135 1112 290 1190 stipendia,
302 1113 402 1171 cuncti
408 1110 529 1172 modum
535 1113 723 1172 miseriarum
731 1121 926 1191 exposcerent
933 1116 1149 1196 saevitiamque

135 1201 343 1261 centurionum
367 1199 591 1260 ulciscerentur.
620 1218 679 1260 non
699 1218 777 1262 unus
795 1201 883 1282 haec,
907 1211 941 1262 ut
958 1201 1148 1266 Pannonicas

135 1291 213 1349 inter
227 1287 358 1366 legiones
371 1287 566 1368 Percennius,
585 1306 640 1349 nec
660 1289 737 1367 apud
757 1289 887 1367 trepidas
905 1289 1033 1351 militum
1048 1309 1149 1375 aures,

96 1396 121 1434 ao
136 1377 208 1437 alios
222 1376 378 1436 validiores
393 1378 541 1436 exercitus
555 1379 792 1456 respicientium,
812 1378 864 1437 sed
884 1378 974 1439 multa
990 1379 1149 1442 seditionis

136 1484 186 1526 ora
202 1482 360 1543 vocesque:
380 1466 478 1525 suain
492 1482 581 1526 manu
600 1467 687 1525 sitam
705 1483 769 1526 rem
783 1465 957 1547 Romanam,
976 1469 1039 1529 suis
1054 1471 1149 1530 victo·

135 1557 188 1615 riis
203 1555 304 1632 augeri
318 1571 382 1613 rem
396 1552 553 1634 publicam,
567 1555 598 1614 in
613 1571 701 1614 suum
715 1561 944 1632 cognomentum
954 1554 1083 1617 adscisci
1093 1560 1148 1619 im·

134 1651 295 1723 pecatores.

202 1729 253 1792 32.
271 1729 332 1791 Nec
350 1730 465 1808 legatus
483 1729 598 1790 obviam
616 1729 690 1792 ibat:
713 1733 823 1809 quippe
841 1730 973 1809 plurium
991 1734 1150 1794 vaecordia

136 1821 331 1881 constantiam
350 1825 507 1879 exemerat.
535 1826 659 1896 repente
673 1818 815 1898 lymphati
829 1819 980 1879 destrictis
994 1819 1103 1898 gladiis
1117 1825 1149 1883 in

136 1908 327 1969 centuriones
340 1906 495 1968 invadunt:
512 1924 546 1967 ea
560 1909 760 1968 vetustissima
774 1907 949 1969 militaribus
964 1907 1040 1968 odiis
1055 1918 1149 1971 mate-

136 1998 196 2056 ries
211 2003 241 2055 et
255 1993 403 2055 saeviendi
416 1996 605 2074 principium.
637 2003 801 2075 prostratos
816 1995 990 2057 verberibus
1004 1996 1148 2078 mulcant,

110 2102 123 2143 a
138 2084 277 2161 sexageni
283 2083 423 2162 singulos,
433 2091 467 2144 ut
474 2102 631 2145 numerum
641 2087 850 2145 centurionum
859 2083 1072 2163 adaequarent:
1083 2095 1149 2148 tum

138 2172 294 2234 convulsos
312 2170 494 2251 laniatosque
509 2181 539 2232 et
552 2175 660 2249 partim
675 2176 825 2234 exanimos
844 2181 911 2233 ante
926 2172 1033 2234 vallum
1047 2182 1103 2234 aut
1117 2179 1148 2236 iu

138 2279 253 2323 amnem
262 2259 397 2321 Rhenum
409 2263 567 2339 proiciunt.
590 2259 752 2339 Septimius
764 2279 831 2323 cum
846 2261 1027 2340 perfugisset
1041 2262 1078 2323 ad
1095 2265 1148 2325 tri·

137 2349 227 2411 bvvual
240 2347 426 2428 pedibusque
440 2348 581 2409 Caecinae
600 2348 818 2429 advolveretur,
837 2368 873 2410 eo
887 2369 982 2429 usque
997 2348 1149 2429 flagitatus

138 2447 196 2519 est,
225 2437 318 2499 donee
346 2436 382 2497 ad
410 2433 533 2498 exitium
558 2436 726 2499 dederetur.
763 2437 881 2498 Cassius
909 2438 1054 2519 Chaerea,
1079 2456 1147 2501 mox

98 2547 124 2585 ιο
139 2527 228 2589 caede
247 2527 300 2587 Cai
318 2521 451 2587 Caesaris
469 2527 642 2587 memoriam
661 2527 739 2606 apud
761 2534 897 2605 posteros
920 2527 1058 2607 adeptus,
1083 2536 1149 2591 tum

139 2615 312 2678 adulescens
331 2622 361 2675 et
380 2616 469 2675 animi
487 2614 582 2695 ieron,
603 2617 681 2676 inter
700 2615 851 2675 obstantes
870 2622 900 2676 et
919 2623 1046 2675 armatos
1065 2615 1149 2679 ferro

138 2708 215 2766 viam
229 2704 375 2784 patelecit.
400 2721 460 2764 non
474 2703 612 2764 tribunus
627 2702 713 2784 ultra,
727 2721 786 2764 non
797 2712 962 2764 castrorum
975 2703 1150 2782 praelectus

138 2796 185 2855 ius
200 2793 340 2855 obtinuit:
359 2793 485 2873 vigilias,
505 2795 659 2866 stationes,
679 2800 709 2853 et
728 2794 753 2852 si
772 2810 828 2870 qua
848 2791 902 2852 alia
916 2809 1057 2870 praesens
1075 2811 1150 2855 usus

138 2884 299 2962 indixerat,
317 2883 375 2960 ipsi
394 2880 606 2959 partiebantur.
634 2881 663 2941 id
682 2880 825 2942 militares
844 2882 956 2941 animos
975 2879 1064 2941 altius
1080 2900 1151 2943 con·

101 2987 125 3028 15
139 2970 317 3032 iactantibus
331 2973 523 3049 praecipuum
536 2968 679 3031 indicium
689 2972 786 3048 magni
796 2976 884 3049 atque
894 2967 1079 3047 inplacabilis
1089 2989 1152 3032 mo-

140 3069 198 3140 tus,
213 3059 292 3138 quod
306 3076 403 3136 neque
418 3059 534 3119 disiecti
548 3065 598 3118 aut
612 3075 775 3137 paucorum
794 3060 951 3138 instinctu,
970 3065 1015 3118 set
1034 3060 1152 3136 pariter

140 3148 343 3226 ardescerent,
362 3148 474 3224 pariter
493 3146 627 3226 silerent,
645 3154 725 3207 tanta
740 3145 915 3224 aequalitate
930 3153 960 3206 et
973 3150 1152 3228 constantia,

141 3246 174 3298 ut
188 3241 252 3316 regi
266 3234 412 3298 crederes.

86 3319 89 3323 ’
149 3327 152 3331 ’
208 3323 259 3388 33.
282 3323 397 3386 Interea
416 3323 590 3384 Germanico
608 3341 664 3402 per
682 3322 802 3402 Callias,
824 3332 858 3384 ut
877 3323 1016 3402 diximus,
1041 3340 1154 3386 census

212 3443 257 3510 tl,
280 3447 312 3497 lt
330 3439 476 3511 impellere
494 3442 610 3496 malebat
623 3439 771 3496 Acidaliae
786 3442 790 3508 l
806 3439 852 3507 te,
865 3446 896 3494 16
912 3439 994 3494 autI.
1006 3437 1045 3496 H.
1056 3439 1153 3499 Noitc:

140 3512 183 3568 nil
202 3519 263 3582 (nec
285 3513 411 3580 Grotius,
428 3511 470 3566 nil
489 3511 600 3567 riisiecti
617 3527 708 3580 neque
726 3527 753 3580 p.
773 3512 907 3580 Habeas)
