2392 3876
108 150 176 214 214
461 146 630 203 CORNELII
646 145 765 202 TAClTI

114 319 116 323 ⁴
175 295 226 360 30,
249 297 335 357 Exim
354 296 511 376 Calpurnia
530 290 576 381 (id
594 297 700 375 paelici
718 290 849 380 nomen),
873 296 925 359 ubi
947 297 1053 358 datum
1081 317 1129 360 se-

108 394 237 464 cretum,
256 385 381 464 genibus
396 385 529 446 Caesaris
547 385 700 463 provoluta
720 387 857 464 nupsisse
872 384 1062 447 Messalinam
1081 387 1129 449 Si-

107 476 146 537 lio
177 475 332 555 exclamat3
365 475 452 534 simul
482 473 678 556 Cleopatram,
710 491 785 553 quae
817 474 847 534 id
881 476 1041 552 opperiens
1076 477 1128 537 ad·

109 564 217 644 stabat,
236 583 273 624 an
293 565 485 642 comperisset
503 565 679 644 interrogat,
703 571 791 641 atque
810 562 859 622 illa
878 562 1026 623 adnuente
1047 566 1129 625 cieri

81 653 279 714 aNarcissum
297 651 434 731 postulat.
463 653 488 712 is
506 654 622 711 veniam
640 653 670 711 in
689 653 883 730 praeteritum
902 659 1020 733 petens,
1040 655 1128 732 quod

109 745 137 803 ei
151 741 257 822 Titios,
271 738 395 821 Vettios,
410 739 540 800 Plautios
559 739 815 821 dissimularisset,
835 759 889 801 uec
908 758 987 800 nuuc
1007 741 1128 803 adulte-

109 833 153 892 ria
163 830 350 891 obiecturum
358 831 407 909 ait,
422 828 530 888 nedum
541 828 661 889 domum
675 830 794 889 servitia
809 835 838 889 et
852 837 967 890 ceteros
982 829 1127 892 fortunae

109 926 229 998 paratus
248 925 426 996 reposceret.
464 917 615 978 frueretur
634 919 722 978 immo
743 917 803 998 his,
826 927 871 978 set
890 917 1029 979 redderet
1049 938 1126 981 uxo-

109 1025 172 1068 rem
197 1012 407 1086 rumperetque
431 1005 545 1066 tabulas
565 1006 719 1085 nuptiales.
757 1002 806 1066 ‘an
829 1001 997 1067 discidium'
1021 1009 1128 1088 inquit

70 1111 96 1151 10
111 1091 205 1156 ‘turim
220 1090 320 1155 nosti?
338 1111 406 1155 nam
419 1096 639 1155 matrimonium
655 1094 720 1155 Silii
735 1095 806 1156 vidit
820 1094 948 1174 populus
958 1102 987 1155 et
998 1106 1127 1158 senatus

110 1191 140 1244 et
154 1182 252 1263 miles3
268 1201 301 1243 ae
316 1185 347 1243 ni
360 1201 487 1263 propere
503 1185 575 1265 agis,
590 1191 673 1245 tenet
686 1182 791 1244 urbem
805 1179 949 1243 maritus?

177 1268 228 1333 31.
243 1270 319 1332 Tum
334 1273 521 1351 potissimum
535 1290 680 1349 quemque
694 1273 856 1333 amicorum
871 1280 962 1352 vocat,
976 1274 1126 1352 primum-

110 1379 168 1442 que
183 1363 227 1421 rei
241 1361 451 1422 frumentariae
460 1361 644 1441 praelectum
653 1359 841 1441 Turranium,
854 1369 922 1440 post
931 1360 1056 1422 Lusium
1068 1363 1126 1424 Ge-

111 1459 170 1511 tam
184 1451 378 1530 praetorianis
392 1451 554 1529 inpositum
567 1456 766 1529 percontatur.
795 1451 861 1528 quis
880 1449 1042 1510 latentibus
1058 1471 1126 1513 cer·

111 1541 195 1601 tatim
213 1540 306 1600 ceteri
324 1541 588 1621 circumstrepunt,
607 1541 664 1599 iret
682 1540 713 1598 in
728 1546 837 1619 eastra,
855 1538 985 1599 firmaret
1004 1550 1126 1618 praeto-

84 1644 96 1684 5
111 1631 170 1689 rias
185 1627 331 1709 cohortes,
346 1630 499 1689 securitati
513 1636 580 1689 ante
595 1625 682 1706 quam
692 1627 837 1688 vindictae
847 1627 1024 1689 consuleret.
1048 1633 1126 1691 satis

111 1724 227 1778 constat
250 1735 284 1777 eo
307 1734 415 1794 pavore
436 1717 563 1776 offusum
581 1715 748 1796 Claudium,
767 1722 800 1776 ut
818 1715 980 1776 identidem
993 1719 1125 1779 interro-

111 1814 205 1886 garet,
230 1824 266 1865 an
289 1806 353 1882 ipse
377 1806 494 1884 imperii
511 1811 630 1885 potens,
654 1823 691 1864 an
710 1804 801 1866 Silius
819 1806 952 1882 privatus
971 1812 1058 1866 esset.
1095 1816 1126 1868 at

111 1894 266 1954 Messalina
280 1911 339 1953 non
353 1893 424 1953 alias
434 1891 558 1954 solutior
572 1892 653 1974 luxu,
667 1893 767 1955 adulto
777 1901 918 1954 autumno
929 1893 1125 1957 simulacrum

111 1983 274 2043 vindemiae
292 2000 347 2059 per
366 1982 484 2041 domum
503 1980 678 2042 celebrabat.
717 1983 838 2059 urgueri
856 1982 950 2063 prela,
969 1982 1063 2044 fluere
1084 1984 1124 2045 la-

72 2087 97 2126 10
113 2089 179 2151 cus3
198 2078 228 2131 et
246 2070 371 2129 lemiuae
391 2068 518 2147 pellibus
536 2071 685 2131 accinctae
704 2069 892 2131 adsultabant
905 2078 940 2131 ut
953 2072 1124 2134 sacrifican-

112 2167 157 2220 tes
167 2157 212 2218 vel
225 2159 406 2217 insanientes
414 2157 558 2239 Racchae3
572 2159 728 2237 ipsacrine
740 2158 818 2219 fluxo
831 2158 964 2238 thyrsum
975 2162 1124 2244 quatiens,

111 2249 251 2326 iuxtaque
267 2245 357 2307 Silius
370 2245 481 2307 hedera
495 2249 624 2328 vinctus,
645 2264 749 2326 gerere
763 2247 938 2330 cothurnos,
959 2250 1056 2309 iacere
1076 2270 1124 2311 ca-

111 2343 173 2415 put,
193 2341 344 2414 strepente
363 2337 477 2395 circum
494 2338 614 2415 procaci
633 2335 733 2397 choro.
762 2337 862 2398 lerunt
875 2335 1004 2398 Vettium
1020 2336 1124 2400 Valen-

112 2432 172 2486 tem
186 2424 304 2485 lascivia
322 2425 353 2484 in
368 2423 527 2503 praealtam
546 2425 682 2486 arborem
700 2426 848 2505 conisum,
869 2426 1124 2505 interrogantibus

73 2528 98 2569 15
113 2514 184 2593 quid
203 2515 362 2594 aspiceret,
383 2513 572 2592 respondisse
597 2520 800 2593 tempestatem
821 2513 857 2574 ab
877 2512 959 2575 Ostia
982 2522 1124 2598 atrocem,

113 2605 173 2664 sive
188 2609 326 2682 coeperat
340 2621 374 2662 ea
395 2604 523 2684 species,
547 2621 599 2664 seu
619 2603 694 2664 sorte
713 2601 793 2682 lapsa
812 2620 867 2662 vox
885 2604 917 2663 in
935 2607 1124 2684 praesagium

113 2693 210 2752 vertit.

180 2776 231 2839 32.
249 2778 314 2839 Non
329 2799 431 2840 rumor
444 2783 566 2861 interea,
581 2780 633 2841 sed
648 2780 779 2858 undique
795 2782 892 2841 nuntii
905 2782 1056 2863 incedunt,
1071 2788 1124 2863 qui

183 2948 229 3013 30,
249 2954 265 3002 3
283 2947 314 3000 id
332 2965 392 3003 uos:
411 2949 488 3003 idem
505 2948 547 3018 (id
564 2949 657 3020 ipsum
675 2950 837 3020 Dbderlelu,
860 2957 892 3008 ut
915 2958 953 3008 ert
971 2952 1010 3019 H,
1027 2956 1055 3022 2,
1074 2959 1123 3023 80)

112 3019 156 3144 be
181 3018 269 3072 Titios
297 3018 408 3072 Vettios
435 3018 560 3074 Plautios
586 3021 710 3078 Brota'er:
738 3021 778 3076 eis
806 3021 907 3076 uotiuis
933 3022 1042 3093 plautio
1071 3024 1124 3092 (cis

139 3089 240 3158 aelios,
264 3088 304 3144 cis
323 3088 448 3144 Plautios
467 3091 511 3144 Jo.
531 3091 583 3146 Fr.
605 3091 767 3160 Grmwvius,
787 3093 822 3148 de
843 3091 940 3148 Vectio
964 3095 994 3148 eb
1010 3093 1124 3150 Plautio

114 3163 249 3231 Picbeuu,
273 3159 384 3215 Vettios
403 3159 528 3215 Plautios
547 3162 688 3232 Nipperde
707 3167 716 3232 )
733 3167 737 3234 Ι
754 3162 951 3219 dimulauissel
966 3166 971 3235 Ι
988 3171 1003 3220 i
1020 3166 1126 3220 nedum

113 3232 227 3287 domum
249 3249 309 3288 uos:
338 3246 373 3286 ne
401 3232 514 3286 domum
542 3232 655 3302 (nedum
701 3235 774 3304 liter)
800 3236 834 3304 es.
854 3234 911 3291 Dr'o
930 3239 974 3302 60,
995 3241 1029 3291 31
1048 3241 1125 3292 Mse-

113 3309 213 3358 σαλῖνα
228 3302 321 3358 οἰκίαν
335 3297 412 3376 αὐτῷ
425 3301 515 3373 (Silio)
526 3301 673 3376 βασιλικὴν
688 3301 836 3374 ἐχαρίσατο
853 3308 857 3374 Ι
874 3310 890 3359 8
905 3305 949 3360 seb
962 3306 1125 3364 Acidaliae:

113 3376 143 3427 et
158 3376 162 3442 Ι
178 3375 225 3442 til,
245 3380 258 3428 1
280 3389 417 3443 quemque
436 3375 500 3429 add.
519 3374 659 3445 Apra'eola,
685 3375 848 3446 potissimos
869 3376 1018 3444 Marcentes,
1037 3385 1069 3434 ut
1087 3387 1126 3435 est

114 3448 157 3511 13,
172 3450 216 3500 18.
236 3450 280 3512 14,
295 3449 331 3500 65
351 3443 512 3514 (amicorum
531 3443 675 3514 praecipui
694 3452 737 3502 15.
755 3448 800 3502 oct
817 3447 854 3500 ts
874 3445 1004 3501 aeduam
1030 3447 1125 3506 Puteu-

113 3515 209 3572 luuus:
230 3515 349 3570 ceruum
364 3521 368 3575 Ι
386 3523 418 3572 16
437 3515 513 3570 lassa
