2392 3876
274 185 322 240 AB
341 183 502 241 EXCESSU
518 183 675 240 AUGUSTI
692 185 712 240 1.
732 191 846 242 tr—el.
1024 185 1067 249 27

60 336 217 397 duodecim
239 334 319 395 milia
342 351 359 394 e
381 332 561 412 legionibus,
588 350 641 398 sex
664 339 695 394 et
718 334 821 412 viginti
844 336 940 396 socias
963 334 1067 395 cohor·

59 427 112 504 tis,
130 431 197 485 octo
211 425 346 502 equitum
360 421 433 501 alas,
452 438 578 500 quarum
597 439 631 482 aa
650 421 795 483 seditione
813 424 987 484 intemerata
1006 440 1067 483 mn·

60 512 154 574 destia
168 512 232 573 luit.

126 597 178 662 50.
196 599 279 661 Laeti
293 616 390 678 neque
408 596 513 677 procul
526 597 666 658 Germani
683 597 845 678 agitabant,
864 599 934 659 dum
953 599 1068 659 iustitio

59 689 98 750 ob
116 691 257 750 amissum
271 688 450 766 Augustum,
468 693 536 765 post
553 686 711 748 discordiis
724 687 893 747 attinemur.
921 693 952 747 at
965 685 1068 746 Roma·

60 795 117 839 nus
140 779 255 856 agmine
277 793 408 855 propero
430 773 532 835 eduam
550 774 684 836 Caesiam
706 774 890 853 limitemque
913 792 930 834 a
948 773 1068 835 Tiberio

60 873 199 944 coeptum
217 864 338 943 scindit,
362 871 458 924 castra
477 865 508 923 in
526 862 619 924 limite
639 862 729 942 locat,
751 862 879 923 lrontem
898 880 933 924 ac
950 870 1069 941 tergum
1090 873 1094 878 ’

60 954 148 1032 vallo,
166 953 258 1013 latera
271 950 469 1013 concaedibus
483 953 624 1012 munitus.
652 951 721 1012 inde
736 949 829 1011 saltus
843 949 987 1012 obscuros
1001 969 1068 1030 per·
1082 968 1094 1007 e

60 1049 139 1102 meat
161 1040 379 1119 consultatque,
402 1057 438 1101 ex
462 1038 579 1100 duobus
601 1037 760 1100 itineribus
782 1037 872 1100 breve
896 1047 927 1100 et
949 1039 1069 1100 solitum

61 1136 204 1208 sequatur
217 1147 256 1189 an
268 1127 430 1207 inpeditius
445 1135 475 1188 et
488 1130 696 1207 intemptatum
710 1145 805 1206 eoque
819 1126 955 1189 hostibus
969 1129 1070 1188 incau-

60 1227 132 1280 tum.
182 1217 296 1278 delecta
327 1216 459 1295 longiore
490 1218 536 1277 via
568 1224 667 1277 cetera
703 1214 922 1277 adcelerantur:
959 1217 1069 1276 etenim

59 1305 220 1368 attulerant
239 1304 441 1383 exploratores
458 1304 563 1365 lestam
581 1321 647 1365 eam
660 1302 815 1364 Germanis
833 1295 951 1365 noctem
965 1322 999 1364 ac
1013 1304 1069 1364 sol·

59 1395 208 1455 lemnibus
222 1392 319 1471 epulis
331 1391 484 1452 ludicram.
511 1392 635 1453 Caecina
654 1410 722 1453 cum
737 1391 883 1470 expeditis
896 1392 1069 1453 cohortibus
1083 1411 1110 1450 ιο

60 1484 177 1560 praeire
196 1488 227 1541 et
244 1479 391 1541 obstantia
409 1478 550 1540 silvarum
568 1479 683 1541 amoliri
700 1480 834 1541 iubetur:
858 1480 990 1558 legiones
1008 1499 1069 1541 mo·

60 1570 129 1630 dico
143 1568 296 1628 intervallo
311 1574 486 1646 sequuntur.
513 1569 589 1628 iuvit
601 1585 660 1628 nox
674 1568 822 1629 sideribus
837 1568 985 1648 inlustris,
1000 1586 1069 1628 ven·

62 1666 186 1735 tumque
203 1655 240 1716 ad
259 1657 340 1716 moos
357 1654 523 1716 Marsorum
540 1664 571 1717 et
589 1656 788 1718 circumdatae
807 1659 949 1717 stationes
969 1659 1069 1717 stratis

60 1748 150 1807 etiam
169 1752 232 1806 tum
250 1762 305 1824 por
323 1743 432 1805 cubilia
450 1752 632 1823 propterque
650 1762 780 1824 mensas,
799 1744 880 1806 nullo
899 1753 990 1824 metu,
1008 1763 1069 1806 non

59 1835 235 1912 antepositis
253 1832 374 1912 vigiliis:
393 1832 467 1894 adeo
485 1841 592 1894 cuncta
605 1835 721 1894 incuria
735 1833 858 1895 disiecta
872 1842 958 1895 erant
971 1851 1068 1912 neque
1084 1850 1109 1890 15

59 1921 131 1983 belli
148 1924 249 2002 timor,
273 1939 307 1982 ac
325 1939 364 1982 ne
382 1939 438 2001 pax
457 1922 578 2001 quidem
595 1923 655 1982 nisi
673 1921 810 2000 languida
829 1929 859 1981 et
877 1921 973 1983 soluta
992 1924 1070 1982 inter

60 2010 248 2072 temulentos.

127 2096 178 2161 51.
201 2098 309 2159 Caesar
331 2099 430 2159 avidas
452 2098 597 2178 legiones,
621 2115 680 2177 quo
703 2098 790 2159 latior
815 2098 966 2178 populatio
985 2100 1070 2180 soret,

59 2194 203 2267 quattuor
221 2190 251 2247 in
272 2205 382 2247 cuneos
401 2187 552 2267 dispertit;
576 2188 789 2265 quinquaginta
809 2187 922 2247 milium
942 2189 1070 2265 spatium

60 2277 141 2336 ferro
155 2275 339 2353 flammisque
352 2282 509 2353 pervastat.
536 2292 597 2335 non
612 2293 713 2354 sexus,
732 2293 792 2335 non
811 2283 892 2336 aetas
906 2277 1071 2338 miseratio·

60 2382 130 2424 nem
140 2363 251 2424 attulit:
265 2362 388 2441 prolana
398 2362 486 2424 simul
500 2371 531 2424 et
545 2380 628 2424 sacra
643 2371 673 2424 et
687 2362 914 2424 celeberrimum
928 2363 986 2423 illis
1001 2382 1071 2441 gen-

59 2452 142 2513 tibus
155 2451 298 2530 templum
313 2451 392 2530 quod
402 2450 558 2512 Tamianae
574 2449 717 2512 vocabant
731 2451 794 2512 solo
808 2460 981 2530 aequantur,
1005 2454 1070 2516 sine
1084 2468 1096 2509 s

61 2539 183 2601 vulnere
198 2539 315 2620 militeS,
329 2541 382 2619 qui
396 2542 599 2619 semisomnos,
613 2542 744 2600 inermos
759 2548 809 2601 aut
822 2539 948 2618 palantis
958 2540 1071 2600 cecide·

60 2636 136 2689 rant.
166 2630 274 2688 excivit
292 2646 326 2687 ea
345 2621 450 2688 caedes
469 2626 643 2706 Bructeros,
662 2626 827 2707 Tubantes,
842 2623 996 2708 Usipetes,
1016 2627 1070 2688 sal-

60 2725 180 2792 tusque,
193 2731 248 2791 per
262 2733 337 2792 quos
351 2716 496 2776 exercitui
509 2732 674 2795 regressus,
688 2716 833 2777 insedere.
857 2716 936 2796 quod
947 2733 1071 2794 gnarum

61 2801 133 2861 duci
146 2802 328 2878 incessitque
337 2804 438 2862 itineri
451 2809 482 2863 et
494 2802 616 2880 proelio.
639 2821 708 2881 pars
718 2806 852 2883 equitum
862 2811 893 2865 et
901 2804 1071 2865 auxiliariae

61 2889 202 2950 cobortes
216 2888 376 2968 ducebant,
390 2907 457 2950 mox
471 2892 566 2968 prima
580 2890 670 2972 legio,
688 2900 718 2953 et
730 2893 838 2953 mediis
851 2893 1072 2973 impedimentis
1086 2909 1112 2948 m

60 2980 217 3040 sinistrum
231 2977 308 3038 latus
323 2979 601 3059 unetvicensimani,
618 2979 756 3041 dextrum
775 2983 911 3060 quintani
929 2981 1072 3061 clausere,

59 3067 222 3128 vicensima
244 3065 321 3145 legio
344 3073 428 3144 terga
450 3067 685 3147 firmavit,·post
707 3072 800 3130 ceteri
824 3073 981 3131 sociorum.
1018 3069 1071 3130 sed

59 3157 176 3236 hostes,
194 3155 289 3216 donec
307 3173 412 3233 agmen
431 3173 485 3234 per
504 3155 596 3217 saltus
615 3159 833 3238 porrigeretur,
857 3160 983 3237 immoti,
1002 3157 1071 3218 dein

131 3309 212 3374 bl)‚5
240 3306 306 3364 inde
334 3308 371 3362 ad
399 3308 487 3362 salius
516 3308 613 3364 Wcuau
632 3312 637 3380 ί
658 3315 675 3364 6
698 3308 914 3377 consultumque
938 3309 1070 3381 Ritsebll

58 3378 106 3446 51,
125 3385 141 3434 b
160 3377 288 3444 tisanae,
315 3379 388 3434 uude
406 3380 458 3434 alii
475 3377 630 3448 Tanfanae,
654 3379 690 3448 cs.
710 3380 885 3447 Mrtlleubcffi
903 3379 1032 3435 Zeiteclrr.
1050 3381 1072 3447 f.

60 3449 198 3504 deutschen
215 3450 330 3504 Altertb.
349 3450 401 3504 eol.
420 3453 467 3518 23,
481 3467 512 3520 p.
531 3453 633 3521 23sgq.
656 3454 661 3520 Ι
684 3455 701 3504 9
719 3455 783 3506 unta
800 3448 885 3503 auxil.
904 3450 1073 3519 Nipperdet'o

57 3536 189 3577 amparate
205 3521 314 3576 oiddur
330 3521 462 3577 addisce
