2392 3876
130 179 192 246 166
406 180 714 239 ennunnnrneru
740 182 861 254 nutv,

86 344 112 385 1⁵
126 333 265 393 materies
283 331 472 393 criminandi:
496 340 630 411 spretum
652 331 785 393 delorem
802 334 947 412 principis
966 332 1005 394 ab
1026 341 1144 416 senatu,

125 420 286 482 descivisse
299 420 455 501 pupulum3
474 421 570 481 audiri
588 423 646 481 iam
660 429 690 482 et
703 420 762 499 [egi
775 439 865 482 nevas
879 423 1052 504 contiones,
1068 441 1144 483 nova

125 517 243 589 patrum
262 509 410 570 consulte:
429 509 500 588 quid
519 507 668 588 reliquum
686 511 745 569 nisi
763 517 797 571 ut
815 517 956 589 caperent
969 509 1090 572 ferrum
1105 519 1142 591 et,

126 617 254 679 quorum
267 600 409 677 imagines
423 616 477 675 pre
491 597 604 658 vexillis
622 600 718 658 secuti
736 598 847 680 forent,
868 598 960 659 duces
978 599 1142 678 imperate-

125 706 233 767 resque
249 683 433 765 deligerent?

191 772 221 838 5.
244 774 338 853 Igitur
356 773 464 835 Caesar
486 777 622 854 repetitis
645 775 803 837 adversum
820 783 957 855 nepotem
977 782 1009 836 et
1028 794 1141 837 nurum

124 864 243 943 probris
257 865 460 942 increpitaque
474 880 529 941 per
543 864 673 925 edietum
686 863 785 944 plebe,
805 871 928 944 questus
942 863 1023 943 apud
1038 872 1140 944 patres

125 952 204 1031 quod
223 950 327 1012 fraude
345 953 435 1012 unius
453 953 599 1012 senatoris
617 954 806 1032 imperatorin
824 954 962 1013 maiestas
981 950 1067 1013 elusa
1085 972 1140 1033 pu·

124 1038 201 1100 blice
219 1038 309 1121 feret,
327 1041 443 1118 integra
461 1047 560 1100 temen
579 1039 637 1102 sibi
655 1049 762 1103 cuncta
780 1041 947 1122 postularit.
982 1058 1041 1102 nee
1061 1042 1140 1103 ultra

98 1139 110 1180 ⁵
124 1126 329 1209 deliberatum,
344 1146 402 1207 quo
414 1130 513 1188 minus
526 1146 587 1189 non
601 1129 721 1209 quidem
735 1139 866 1192 extrema
879 1129 1080 1191 decernerent
1094 1126 1139 1211 (id

125 1218 205 1277 enim
218 1209 372 1299 vetitum),
391 1217 442 1278 sed
457 1224 575 1296 parntes
589 1218 625 1279 ad
640 1217 783 1280 ultionem
796 1221 826 1279 vi
838 1219 982 1297 principis
996 1219 1140 1298 impediri

125 1312 315 1367 testarentur.

196 1475 223 1546 5,
238 1484 254 1533 6
273 1494 303 1534 ee
320 1477 453 1550 impediri
464 1478 575 1550 Ritterl
592 1484 607 1535 7
621 1483 686 1548 poet
703 1478 874 1534 testarentur
890 1481 930 1533 eet
946 1477 979 1532 iu
997 1478 1056 1534 cod.
1075 1493 1139 1549 tpa-

124 1551 194 1606 tium
211 1566 328 1606 vacuum
345 1552 430 1607 trium
447 1556 607 1621 quattuorue
624 1551 790 1618 litterarum,
815 1550 912 1606 deinde
933 1564 1021 1604 nenne
1043 1565 1139 1606 vereret

124 1622 268 1690 incipite.
286 1638 311 1678 v.
340 1620 485 1687 Quattuor.
521 1621 641 1677 Initium
667 1622 738 1677 renti
762 1621 828 1677 titre*
852 1621 898 1676 tu‘e
920 1620 1017 1688 poenit
1040 1619 1140 1676 Haeee

125 1692 239 1758 (Philet.
258 1695 285 1760 3,
304 1696 437 1764 mesu),
464 1709 525 1748 eum
542 1691 661 1763 Lipsiae
685 1693 791 1748 eternum
817 1692 882 1747 iude
908 1706 927 1745 a
949 1706 1008 1761 cap.
1031 1695 1050 1748 7
1077 1691 1138 1760 (Cn.

124 1760 264 1818 Domitius
282 1765 340 1832 ete.)
356 1765 496 1832 poneret.
694 1783 696 1787 ’
