2392 3876
270 157 316 212 an
335 155 498 213 excussu
517 155 672 213 aucusn
689 157 736 214 m.
756 164 869 213 27-30.
1030 128 1079 222 99¹

67 307 241 387 capessendi
255 308 472 386 vigintiviratus
487 306 653 367 solveretur
667 314 697 368 et
711 308 914 386 quinquennio
928 307 1073 368 maturius

66 414 153 475 quam
166 414 221 477 per
234 395 314 475 leges
329 402 519 475 quaesturam
533 402 662 475 peteret,
683 414 742 457 nou
762 397 826 456 sine
845 398 940 455 inrisu
954 395 1073 456 audien-

64 488 139 546 tium
153 483 320 564 postulavit.
343 484 555 564 praetendebat
569 484 627 544 sibi
641 492 729 563 atque
744 484 829 545 fratri
843 484 961 544 decreta
972 484 1074 544 eadem
1101 497 1115 537 5

64 577 183 652 petente
207 574 348 652 Augusto.
390 574 441 634 sed
467 591 564 652 neque
588 581 650 633 tum
674 574 766 632 luisse
790 572 999 652 dubitaverim,
1024 574 1075 651 qui

64 665 128 723 eius
146 662 227 723 modi
244 679 350 741 preces
368 661 479 722 occulti
496 661 679 722 inluderent:
698 679 733 722 ac
751 667 850 721 tamen
867 663 951 722 initia
966 660 1076 738 fastigii

64 750 240 811 Caesaribus
254 757 339 811 erant
352 752 504 829 magisque
523 752 553 810 in
572 749 666 811 oculis
684 757 770 810 vetus
788 767 864 830 mos,
883 756 914 810 et
930 750 1075 829 privignis

64 858 132 899 cum
152 840 258 898 vitrico
277 837 368 899 levior
383 838 572 900 necessitudo
587 857 674 918 quam
689 857 741 899 avo
756 837 913 898 adversum
927 844 1074 916 nepotem.

65 927 183 987 additur
201 927 390 1004 pontificatus
409 933 439 987 et
459 945 517 1006 quo
536 929 665 1005 primum
684 927 731 987 die
749 927 848 988 sorum
861 929 1015 1005 ingressus
1029 933 1075 986 est
1089 939 1116 979 1⁰

65 1016 248 1093 congiarium
265 1014 346 1094 plebi
365 1015 522 1077 admodum
541 1015 647 1096 laetae,
666 1015 746 1095 quod
765 1014 933 1076 Germanici
951 1016 1075 1093 stirpem

65 1105 123 1162 iam
137 1102 281 1181 puberem
296 1103 466 1182 aspiciebat.
490 1111 609 1165 auctum
625 1104 732 1165 dehinc
746 1104 886 1182 gaudium
897 1105 1010 1182 nuptiis
1019 1100 1075 1162 Ne·

64 1192 146 1251 ronis
161 1199 191 1252 et
204 1191 294 1252 lullae
308 1191 398 1253 Drusi
416 1193 621 1270 filiae-utque
640 1192 713 1252 haec
732 1193 863 1253 secundo
881 1209 1015 1270 rumore,
1034 1193 1075 1251 ita

64 1280 195 1340 adversis
217 1282 323 1340 animis
344 1289 511 1360 acceptum,
533 1281 611 1359 quod
633 1280 692 1340 lilio
712 1280 827 1341 Claudii
845 1298 931 1341 socer
950 1280 1075 1340 Seianus

65 1368 273 1429 destinaretur.
300 1368 442 1447 polluisse
460 1367 644 1429 nobilitatem
664 1367 790 1428 familiae
805 1368 960 1429 videbatur
973 1385 1075 1446 suspe-
1090 1381 1116 1422 15

65 1463 206 1534 ctumque
220 1458 278 1516 iam
294 1458 401 1516 nimiae
415 1458 479 1534 spei
494 1455 633 1515 Seianum
647 1454 724 1515 ultra
739 1455 889 1516 extulisse.

132 1540 184 1604 30.
207 1543 279 1603 Fine
303 1545 373 1603 anni
396 1560 571 1604 concessere
589 1545 648 1603 vita
666 1544 798 1620 insignes
816 1545 873 1602 viri
891 1543 924 1604 L.
938 1542 1077 1603 Volusius

65 1640 96 1691 et
120 1629 277 1692 Sallustius
300 1630 431 1709 Crispus.
472 1630 591 1691 Volusio
614 1638 700 1692 vetus
723 1630 831 1691 familia
854 1648 950 1709 neque
977 1638 1076 1691 tamen

65 1727 235 1797 praeturam
253 1736 386 1798 egressa:
409 1721 473 1797 ipse
492 1718 678 1780 consulatum
696 1718 809 1799 intulit,
835 1722 969 1781 censoria
988 1721 1076 1779 etiam

64 1815 211 1887 potestate
229 1806 362 1886 legendis
377 1809 510 1886 equitum
525 1807 655 1868 decuriis
675 1807 808 1887 iunctus,
828 1825 989 1888 opumque,
1009 1810 1075 1886 quis

65 1897 170 1957 domus
188 1895 238 1956 illa
256 1898 425 1956 inmensum
446 1897 547 1976 viguit,
566 1899 681 1974 primus
696 1895 908 1957 adcumulator.
937 1895 1076 1975 Crispum
1103 1912 1115 1952 5

65 1986 198 2065 equestri
213 1993 311 2045 ortum
326 1983 390 2045 loco
405 1984 435 2045 C.
444 1984 622 2065 ¹Sallustius,
642 2002 743 2045 rerum
757 1984 955 2045 Romanarum
969 1985 1074 2046 ssoren·

65 2076 197 2134 tissimus
216 2081 333 2154 auctor,
352 2074 463 2134 sororis
482 2081 620 2152 nepotem
639 2075 670 2132 in
689 2068 797 2134 nomen
819 2073 952 2134 adscivit.
986 2081 1074 2153 atque

66 2161 128 2241 ille,
162 2180 352 2241 quamquam.
371 2169 509 2241 prompto
538 2161 574 2222 ad
603 2162 799 2241 capessendos
827 2162 957 2223 honores
985 2163 1075 2242 aditu,

65 2249 264 2311 Maecenatem
279 2249 443 2311 aemulatus
458 2252 520 2310 sine
536 2250 679 2328 dignitate
695 2252 842 2330 senatoria
852 2250 961 2322 multos
971 2253 1075 2311 trium·

64 2338 196 2419 pbalium
210 2337 469 2417 consulariumque
484 2340 615 2417 potentia
630 2340 746 2417 anteiit,
761 2337 894 2399 diversus
909 2356 926 2398 a
939 2347 1074 2400 veterum
1089 2353 1114 2392 10

64 2430 202 2488 instituto
220 2444 275 2507 per
294 2426 407 2488 cultum
426 2434 457 2486 et
474 2426 633 2486 munditias
648 2427 790 2505 copiaque
807 2434 836 2487 et
850 2426 988 2487 alluentia
1002 2427 1073 2488 luxu

65 2517 195 2595 propior,
223 2514 345 2576 suberat
363 2523 461 2576 tamen
482 2516 564 2594 vigor
583 2516 672 2574 animi
687 2513 858 2593 ingentibus
871 2516 998 2592 negotiis
1011 2532 1074 2595 par,

66 2622 100 2663 eo
121 2605 232 2682 acrior,
251 2620 309 2681 quo
329 2620 465 2663 somnum
480 2609 510 2662 et
524 2605 659 2663 inertiam
674 2604 767 2681 magis
780 2601 955 2662 ostentabat.
983 2604 1074 2680 igitur

64 2690 206 2751 incolumi
225 2690 392 2750 Maecenate
410 2691 576 2771 proximus,
595 2708 662 2750 mox
680 2692 873 2770 praecipuus,
892 2692 940 2750 cui
960 2699 1073 2752 secreta

65 2781 277 2857 imperatorum
291 2779 503 2860 inniterentur,
522 2786 552 2839 et
570 2777 767 2838 interficiendi
780 2777 913 2838 Postumi
927 2780 1071 2860 Agrippae
1088 2794 1112 2834 15

65 2867 217 2947 conscius,
243 2874 337 2928 aetate
363 2874 501 2946 provecta
525 2868 655 2946 speciem
679 2868 771 2944 magis
794 2868 825 2942 in
848 2869 974 2928 amicitia
993 2872 1072 2948 prin·

65 2957 140 3034 cipis
159 2973 247 3034 quam
268 2957 327 3015 vim
347 2956 450 3016 tenuit.
486 2954 575 3034 idque
598 2961 628 3016 et
648 2953 808 3017 Maecenati
829 2956 989 3036 acciderat,
1013 2957 1071 3017 lato

64 3047 214 3124 potentiae
238 3062 305 3105 raro
331 3046 541 3124 sempiternae,
565 3063 602 3105 an
626 3045 714 3104 satias
738 3047 816 3123 capit
834 3051 885 3105 aut
902 3044 981 3124 illue,
1004 3040 1072 3105 cum

62 3135 162 3194 omnia
176 3133 359 3214 tribuerunt,
379 3141 430 3194 aut
442 3132 511 3215 bos,
530 3152 598 3195 cum
611 3135 669 3194 iam
683 3132 756 3193 nihil
770 3132 918 3212 reliquum
933 3140 978 3192 est
993 3134 1071 3211 quod

64 3223 192 3301 cupiant.
680 3235 681 3238 ’
1085 3236 1111 3275 ro

135 3427 179 3496 M),
201 3434 215 3483 7
235 3401 363 3498 fastidiit
382 3433 414 3483 15
433 3426 614 3496 uidebantur,
640 3446 687 3484 em.
708 3428 750 3484 Jo.
772 3427 822 3484 Fr.
845 3426 1018 3497 Gronovius}
1037 3433 1068 3483 16

63 3497 137 3553 ultro
157 3498 284 3556 Alciotue

729 3584 737 3631 ἵ
769 3589 773 3598 ¹
803 3587 887 3632 ,Ἶῒιιι
914 3580 929 3617 ιι
960 3581 964 3613 *a

769 3648 774 3657 Ι
799 3623 872 3667 ‘³⁴4⁴
916 3624 953 3663 ,ὅθ’
