2392 3876
258 157 306 213 AB
324 157 487 214 Excusso
504 158 664 214 AUGUSTI
681 159 728 214 ΠΙ.
748 166 861 215 22—27.
1024 161 1066 224 97

54 307 260 389 praecellebat.
295 307 347 367 sed
362 306 500 367 Tiberius
519 309 611 386 gratis
630 309 728 386 agenti
748 307 847 368 Silano
865 308 1000 387 patribus
1020 327 1067 369 co·
1098 348 1101 352 -

54 415 120 458 ram
138 395 291 475 respondit
310 413 342 455 se
361 413 479 474 quoque
498 395 611 476 laetari,
626 388 705 474 quod
720 397 811 457 irater
826 399 890 457 eins
905 416 921 457 e
935 400 1067 476 peregri·

55 489 174 546 natione
193 484 351 563 longinqua
370 486 556 565 revertisset,
579 485 668 563 idque
686 487 752 545 iure
771 484 898 566 licitum,
921 489 989 565 quia
1008 504 1067 546 non

56 581 176 634 senatus
195 572 342 653 consulto,
362 590 421 632 non
434 572 499 650 lege
513 572 617 651 pulsus
632 573 722 634 foret:
741 573 799 634 sibi
813 581 911 634 tamen
926 575 1067 634 adversus
1083 592 1108 631 ιο

56 681 125 723 eum
147 661 277 740 integras
300 663 432 740 parentis
456 664 504 721 sui
526 661 717 742 offensiones,
741 679 838 740 neque
856 663 955 723 reditu
975 662 1068 723 Silani

56 750 197 811 dissoluta
213 767 288 829 quae
298 749 450 828 Augustus
459 750 608 810 voluisset.
632 751 689 810 fuit
702 749 826 828 posthac
840 753 871 810 in
887 751 961 811 urbe
971 769 1068 830 neque

55 841 185 900 honores
200 839 324 917 adeptus
339 839 392 898 e'st.

123 924 174 988 25.
198 926 334 986 Relatum
357 925 426 986 dein
449 925 485 986 de
504 925 682 986 moderanda
701 925 789 1005 Papia
808 925 956 1008 Poppaea,
980 887 1103 1006 quam?

57 1018 157 1076 senior
176 1015 328 1093 Augustus
350 1021 419 1093 post
440 1013 529 1074 lulias
552 1016 721 1092 rogationes
744 1016 903 1076 incitandis
922 1015 1069 1082 caelibum

56 1105 161 1183 poenis
184 1110 220 1163 et·
237 1103 371 1182 augendo
395 1104 508 1163 aerario
532 1110 676 1163 sanxerat.
710 1122 765 1164 neo
787 1103 854 1164 ideo
878 1106 1015 1182 coniugia
1038 1111 1069 1164 et

57 1193 248 1254 educationes
275 1191 403 1253 liberum
430 1191 710 1272 frequentabantur,
737 1192 905 1272 praevalida
928 1192 1068 1253 orbitate:
1175 1211 1177 1214 ’

56 1288 189 1343 ceterum
204 1280 361 1341 multitudo
371 1279 603 1358 periclitantium
613 1278 764 1360 gliscebat,
778 1299 847 1341 cum
857 1283 952 1342 omnis
963 1282 1068 1343 domus
1082 1295 1096 1336 a

57 1370 221 1429 delatorum
233 1366 531 1447 interpretationibus
540 1367 773 1447 subverteretur,
784 1375 876 1446 utque
886 1369 1009 1430 antehac
1019 1369 1068 1429 ssa-

57 1458 150 1536 gitiis,
168 1459 209 1516 ita
227 1462 300 1515 tunc
318 1454 434 1533 legibus
453 1454 649 1516 laborabatur.
682 1473 716 1516 ea
735 1473 784 1515 res
803 1456 953 1537 admonet,
979 1464 1012 1518 ut
1032 1458 1068 1518 de

57 1545 213 1623 principiis
228 1545 311 1623 iuris,
327 1550 356 1602 et
370 1542 589 1621 quibusmodis
603 1543 638 1604 ad
653 1543 729 1604 hanc
743 1543 964 1604 multitudinem
972 1546 1069 1604 infini-

57 1641 118 1693 tam
132 1650 165 1692 ac
180 1633 350 1691 varietatem
365 1630 464 1710 legum
477 1638 653 1710 perventum
668 1634 718 1712 sit,
733 1631 821 1692 altius
836 1633 989 1694 disseram.

125 1718 175 1782 26.
195 1719 395 1780 Vetustissimi
412 1718 593 1800 mortalium,
617 1719 696 1780 nulla
719 1719 816 1781 adbuc
838 1720 914 1781 mala
937 1720 1069 1803 libidine,

57 1812 122 1870 sine
149 1808 273 1889 probro,
301 1807 414 1868 scelere
442 1825 536 1887 eoque
559 1810 624 1868 sine
646 1826 742 1887 poena
765 1815 815 1869 aut
834 1809 1069 1871 coercitionibus

57 1896 189 1977 agebant.
218 1915 315 1975 neque
333 1898 473 1975 praemiis
492 1914 567 1975 opus
585 1904 660 1978 erat,
680 1916 748 1958 cum
766 1897 891 1958 honesta
906 1906 1011 1977 suopte
1025 1901 1069 1958 iu-

56 1988 144 2065 genio
162 1993 349 2066 peterentur;
369 1994 399 2046 et
416 1985 469 2046 ubi
484 1985 558 2046 nibil
572 1992 676 2046 contra
690 2004 804 2046 morem
818 1995 975 2068 cuperent,
994 1986 1069 2048 nibil

56 2092 111 2153 per
129 2083 241 2135 metum
259 2073 442 2135 vetabantur.
476 2081 506 2134 at
523 2081 681 2154 postquam
700 2077 768 2135 exui
787 2075 946 2153 aequalitas
966 2083 996 2136 et
1013 2095 1067 2156 pro
1083 2090 1096 2129 ⁵

56 2162 200 2223 modestia
214 2181 248 2223 ac
261 2163 376 2245 pudore
395 2162 516 2223 ambitio
535 2170 565 2223 et
583 2165 628 2224 vis
647 2162 816 2244 incedebat,
835 2182 998 2242 provenere
1018 2164 1068 2225 do-

56 2253 233 2312 minationes
247 2251 415 2330 multosque
429 2251 507 2331 apud
521 2251 648 2330 poptdos
661 2258 815 2312 aeteruum
830 2270 973 2313 mansere.
1005 2255 1068 2332 qui-

57 2340 125 2401 dam
134 2342 242 2422 statim,
256 2348 307 2400 ant
320 2348 477 2419 postquam
490 2357 595 2418 regum
609 2347 786 2421 pertaesum,
801 2339 881 2419 leges
891 2340 1068 2401 maluerunt.

57 2429 112 2488 hae
126 2430 222 2507 primo
236 2428 362 2489 rudibus
375 2429 529 2489 bominum
543 2430 649 2488 animis
659 2428 808 2507 simplices
818 2436 916 2510 erant,
931 2431 1068 2489 maxime-

57 2535 115 2595 que
135 2518 210 2577 fama
229 2516 388 2577 celebravit
406 2515 605 2596 Cretensium,
625 2534 698 2594 quas
716 2515 825 2597 Minos,
845 2516 1067 2597 Spartanorum,
1083 2531 1109 2570 10

57 2604 301 2684 quasLycurgns,
316 2623 350 2664 ac
363 2621 431 2664 mox
442 2601 672 2664 Atheniensibus
686 2597 882 2683 quaesitiores
895 2607 954 2664 iam
964 2612 994 2664 et
1004 2604 1068 2685 plu-

56 2695 107 2751 res
123 2691 190 2751 Solo
204 2681 388 2771 perscripsit.
416 2690 502 2751 nobis
516 2690 672 2773 Romulus,
686 2702 720 2754 ut
734 2692 865 2773 libitum,
883 2693 1068 2772 imperimve·

57 2785 117 2840 rat:
136 2779 205 2839 dein
218 2778 313 2838 Numa
327 2778 520 2858 religionibus
535 2786 565 2839 et
579 2780 676 2840 divino
691 2782 756 2841 iure
770 2781 914 2861 populum
928 2782 1067 2865 devinxit,

55 2875 234 2947 repertaque
259 2868 402 2946 quaedam
418 2865 441 2927 a
456 2867 541 2929 Tullo
560 2875 590 2929 et
609 2865 698 2929 Anco.
732 2869 783 2929 sed
802 2873 981 2950 praecipuus
1001 2872 1067 2932 Ser·

55 2959 122 3018 vius
141 2956 256 3017 Tadius
277 2964 395 3017 sanctor
413 2949 512 3036 legum
530 2958 599 3038 fuit,
619 2959 685 3036 quis
705 2959 793 3018 etiam
811 2958 897 3040 riges
915 2959 1109 3041 attemps-1⁵

59 3054 168 3106 rarent.

123 3133 174 3196 27.
197 3133 286 3195 Pulso
309 3133 470 3213 Tarquinio
493 3134 649 3195 adversum
671 3143 789 3215 patrum
812 3138 956 3198 factiones
975 3136 1067 3196 multa

54 3223 183 3304 populus
205 3226 319 3302 paravit
341 3223 468 3284 tuendae
486 3222 632 3285 libertatis
650 3233 680 3285 et
698 3226 858 3287 firmandae
881 3224 1067 3306 concordiae,

127 3358 172 3425 25,
193 3365 207 3430 i
232 3357 297 3412 dein
320 3357 458 3427 Wdlfllc'n:
487 3357 589 3412 deinde
614 3361 617 3426 Ι
642 3359 688 3428 26,
714 3367 731 3416 4
758 3361 887 3430 peterent
916 3359 1032 3414 Ursinus
1061 3358 1065 3431 Ι

56 3434 74 3483 o
92 3425 243 3482 incedebat
259 3445 412 3498 provenere
431 3429 559 3499 Lepsios:
582 3429 728 3485 incidebat
749 3429 898 3502 prouenire
914 3431 950 3499 19
971 3446 1003 3484 ue
1023 3433 1068 3501 (oc

54 3498 157 3568 Sudor,
176 3517 214 3554 oo
233 3516 282 3554 eae
300 3501 325 3571 2)

112 3596 216 3640 ΤΔΟῙΤΙ
228 3598 305 3640 PARS
319 3600 336 3642 L
837 3597 851 3645 'l

138 3714 173 3741 ,νύ
198 3714 203 3719 “

105 3700 240 3816 M
