2392 3876
125 163 190 227 124
474 161 642 218 CORNELII
660 160 777 216 TAClTl

121 313 233 391 pariter
252 311 417 393 subveniri3
441 314 627 386 etseverius
650 320 782 388 acturos,
806 311 832 370 si
854 308 963 369 vallum
988 316 1145 370 statuatur

121 400 226 478 procul
240 400 324 462 urbis
339 401 505 462 inlecebris.
529 408 563 460 ut
573 399 704 478 perlecta
715 406 785 459 sunt
796 405 902 477 castra,
916 397 1061 475 inre‘pcre
1069 416 1144 476 pau-

121 488 203 550 latim
218 483 361 550 militares
375 491 488 551 animos
503 488 652 568 adeundo,
670 486 842 566 appellando
848 507 856 562 ;
878 485 966 546 simul
986 489 1143 547 centurio—

122 595 175 637 nes
194 596 228 638 ae
247 578 384 639 tribunos
402 580 466 657 ipse
484 576 623 654 deligere.
651 594 748 655 neque
768 577 915 635 senatorio
934 572 1050 634 ambitu
1075 574 1144 636 abs·

83 677 109 717 1⁰
122 666 235 727 tinebat
250 665 373 726 clientes
388 683 458 726 snos
472 664 635 725 bonoribus
649 672 700 725 ant
719 665 880 742 prouinciis
898 661 1023 722 ornandi
1028 708 1039 743 ,
1060 663 1144 724 facili

123 752 242 814 Tiberio
261 761 349 833 atque
368 756 409 814 ita
427 771 535 833 prono,
561 759 595 812 ut
618 755 732 813 socium
755 750 889 812 laborum
909 769 968 810 non
992 751 1085 811 modo
1109 755 1143 812 in

122 840 321 921 sermonibus,
341 840 395 901 sed
413 840 491 919 apud
510 848 610 918 patres
628 851 659 900 et
677 839 819 919 populum
834 839 999 899 celebraret
1017 839 1143 919 colique

121 946 175 1006 per
189 928 303 989 theatra
318 937 348 988 et
367 930 430 989 lora
450 928 563 1008 effigies
580 931 645 989 eius
663 931 801 1007 interque
821 929 966 1006 principia
983 926 1142 1006 legionum

121 1017 242 1077 sineret.
351 1081 353 1087 ,

188 1101 218 1165 3.
241 1103 380 1166 Ceterum
402 1105 489 1184 plena
513 1106 671 1167 Caesarum
694 1105 813 1186 domus,
836 1106 951 1166 iuvenis
973 1103 1064 1183 filius,
1090 1124 1142 1165 ne—

122 1201 208 1271 potes
226 1192 320 1254 adulti
337 1211 450 1254 moram
469 1197 579 1273 cupitis
597 1193 782 1274 adserebant,
801 1201 831 1254 et
849 1195 917 1272 quia
936 1194 965 1252 vi
983 1201 1028 1251 tot
1046 1195 1143 1254 simul

123 1282 275 1359 corripere
292 1283 438 1363 intutum,
456 1282 542 1343 dolus
561 1282 713 1344 intervalla
732 1282 879 1343 scelerum
898 1279 1047 1362 poscebat
1079 1283 1142 1360 pla-

123 1371 187 1430 cuit
199 1378 298 1432 tamen
312 1371 457 1433 occultior
470 1374 517 1432 via
531 1380 562 1432 et
575 1390 591 1433 a
605 1371 701 1432 Druso
715 1373 856 1450 incipere,
870 1371 901 1429 in
916 1386 1005 1448 quem
1020 1374 1142 1432 recenti

95 1459 165 1518 aira
187 1458 347 1521 ferebatur.
380 1478 447 1521 nam
466 1460 582 1522 Drusus
599 1462 746 1538 inpatiens
765 1457 872 1520 aemuli
890 1467 923 1518 et
938 1459 1036 1517 animo
1057 1477 1141 1520 com-

122 1551 230 1609 motior
249 1556 315 1610 orto
334 1549 410 1609 forte
430 1550 527 1628 iurgio
545 1548 714 1610 intenderat
733 1547 839 1607 Seiano
859 1563 963 1607 manus
982 1555 1012 1606 et
1031 1556 1140 1607 contra

122 1636 272 1697 tendentis
287 1655 321 1697 os
335 1637 549 1698 verberaverat.
578 1639 670 1715 igitur
684 1645 791 1696 cuncta
806 1635 962 1713 temptanti
975 1639 1141 1713 promptis-

120 1726 230 1796 simum
244 1727 340 1785 visum
354 1726 390 1785 ad
405 1743 529 1784 uxorem
544 1727 608 1784 eius
623 1724 734 1784 Liviam
750 1730 936 1802 convertere,
959 1740 1033 1800 quae
1048 1740 1140 1784 soror

123 1812 303 1891 Germanici,
327 1813 438 1873 lormae
456 1814 541 1874 initio
561 1812 665 1873 aetatis
685 1812 854 1891 indecorae,
882 1829 950 1872 mox
969 1810 1138 1888 pulchritu-

83 1900 190 1961 rodino
205 1898 410 1978 praecellebat.
438 1900 514 1960 hanc
529 1908 563 1961 ut
576 1918 676 1960 amore
690 1902 831 1960 incensus
846 1899 990 1960 adulterio
1004 1897 1140 1981 pellexit,

123 1995 153 2047 et
170 1996 327 2065 postquam
345 1988 436 2065 primi
453 1986 556 2066 flagitii
574 1990 687 2066 potitus
706 1997 751 2049 est
770 1983 881 2068 (neque
900 1988 1008 2054 semina
1027 1989 1139 2048 amissa

122 2075 264 2154 pudicitia
274 2074 330 2135 alia
340 2070 502 2157 abnuerit),
516 2076 552 2136 ad
567 2079 697 2155 coniugii
712 2095 803 2157 spem,
817 2077 1000 2137 consortium
1010 2079 1098 2154 regni
1108 2085 1140 2136 et

123 2180 226 2223 necem
246 2164 344 2227 mariti
361 2163 488 2242 impulit.
524 2175 612 2244 atque
636 2164 698 2245 illa,
721 2167 771 2225 cui
793 2165 955 2225 avunculus
973 2164 1138 2245 Augustus,

123 2269 208 2313 socer
222 2250 373 2331 Tiberius,
392 2270 428 2312 en
447 2251 542 2313 Druso
562 2253 660 2333 liberi,
680 2271 771 2332 seque
790 2271 824 2313 ac
842 2255 969 2322 maiores
989 2259 1018 2311 et
1037 2261 1138 2330 poste-

84 2355 173 2401 uros
196 2340 368 2418 municipali
392 2340 526 2402 adultero
549 2341 697 2421 foedabat,
721 2352 754 2402 ut
776 2360 831 2419 pro
850 2340 985 2402 honestis
1002 2349 1033 2400 et
1051 2359 1138 2418 prae-

124 2427 258 2490 sentibus
281 2427 426 2506 flagitiosa
449 2441 479 2491 et
501 2433 615 2491 incerta
638 2437 832 2509 exspectaret.
869 2431 997 2491 sumitur
1015 2431 1047 2488 in
1066 2447 1137 2490 con-

125 2521 280 2580 scientiam
297 2517 462 2598 Eudemus,
476 2521 589 2580 amicus
608 2538 641 2579 ac
660 2519 793 2580 medicus
811 2517 920 2598 Liviae,
939 2519 1038 2596 specie
1062 2521 1140 2579 artis

123 2607 264 2686 frequens
288 2609 420 2668 secretis,
466 2607 549 2687 pellit
572 2607 658 2669 domo
683 2607 808 2667 Seianus
830 2623 955 2667 uxorem
972 2605 1138 2686 Apicatam,

123 2712 159 2754 ex
175 2712 232 2773 qua
252 2704 314 2755 tres
332 2696 442 2758 liberos
462 2704 618 2778 genuerat,
637 2714 675 2757 ne
693 2696 799 2774 paelici
818 2702 1048 2772 suspectaretur.
1082 2695 1137 2755 sed

82 2797 108 2838 eo
123 2783 294 2859 magnitudo
318 2783 457 2845 facinoris
481 2793 605 2865 metum,
628 2784 822 2865 prolationes,
845 2783 961 2844 diversa
984 2781 1137 2842 interdum

123 2869 245 2930 consilia
260 2868 418 2933 adferebat.
1045 2951 1048 2954 ἦ

189 2955 219 3019 4.
242 2956 365 3018 Interim
388 2964 457 3022 anni
479 2963 626 3040 principio
645 2960 760 3022 Drusus
783 2979 819 3021 ex
842 2960 1010 3021 Germanici
1032 2958 1140 3019 liberis

124 3056 222 3126 togam
236 3044 350 3107 virilem
365 3050 500 3129 sumpsit,
516 3067 650 3128 quaeque
665 3049 751 3110 fratri
764 3052 830 3110 eius
838 3048 950 3110 Neroni
964 3047 1140 3108 decreverat

124 3143 245 3198 senatus
259 3136 394 3212 repetita.
422 3135 536 3196 addidit
549 3139 713 3199 orationem
727 3136 846 3218 Caesar,
860 3135 953 3199 multa
967 3154 1035 3197 cum
1049 3135 1137 3196 laude

123 3225 177 3286 lilii
190 3227 245 3305 sui,
260 3223 340 3303 quod
351 3226 448 3302 patria
461 3221 667 3287 benevolentia
680 3228 710 3285 in
724 3226 825 3286 fratris
839 3224 949 3285 liberos
959 3225 1044 3285 foret.
1068 3242 1138 3284 nam

96 3327 109 3368 s
124 3313 251 3394 DrusuS,
267 3330 442 3392 quamquam
459 3311 584 3373 arduum
604 3316 643 3374 sit
657 3314 761 3375 eodem
774 3313 832 3374 loci
846 3315 1008 3400 potentiam
1024 3320 1053 3372 et
1068 3330 1138 3372 con-

194 3503 221 3570 8,
241 3507 257 3556 2
278 3503 307 3555 et
324 3503 374 3557 del.
394 3502 554 3573 Nipperdey
569 3503 575 3571 Ι
593 3506 625 3555 10
645 3501 672 3544 ei
710 3498 866 3540 *werdun
895 3500 1049 3572 Ninperaep
