2392 3876
264 162 312 218 AB
330 163 492 230 EXOESSU
509 161 669 219 AUGUSTI
689 161 748 216 XII.
769 167 881 217 12-16.
1006 160 1072 226 225

62 316 100 373 tis
123 315 275 391 cognitum
298 319 344 372 est
366 311 507 383 barbaros
530 311 615 372 malle
634 310 726 371 Roma
748 318 851 389 petere
873 328 959 390 reges
983 328 1070 389 quam

61 400 179 462 habere.
215 409 245 462 at
262 400 447 481 Meherdates
470 399 574 460 validis
597 399 714 460 auxiliis
737 399 878 479 nudatus,
902 406 1070 459 ceterorum

62 489 228 568 proditione
252 497 403 570 suspecta,
426 488 506 568 quod
528 507 621 549 unum
644 488 805 568 reliquum,
828 505 892 548 rem
915 489 946 546 in
970 505 1071 547 casum

62 580 131 638 dare
154 579 326 658 proelioque
350 578 617 656 experiristatuit.
662 595 718 637 nec
746 576 920 637 detrectavit
941 592 1070 654 pugnam
1086 591 1110 630 ιο

63 667 201 728 Gotarzes
224 668 385 727 deminutis
412 664 549 727 hostibus
576 666 672 746 ferox3
700 683 939 744 concursumque
967 681 1071 742 magna

63 755 153 816 caede
167 763 198 816 et
211 755 349 833 ambiguo
364 763 480 835 eventu,
495 754 589 815 donec
604 754 747 815 Carenem
760 753 923 832 prolligatis
938 751 1072 812 obversis

61 845 178 924 longius
197 852 332 905 evectum
350 845 467 922 integer
485 861 501 903 a
519 850 603 922 tergo
622 842 728 922 globus
741 843 979 903 circumveniret.
1006 849 1070 901 tum

61 936 143 992 omni
170 951 222 1011 spe
250 931 364 1010 perdita
392 931 590 1012 Meherdates,
622 934 767 1010 promissa
794 930 928 992 Parracis
955 932 1072 1008 paterni

62 1021 180 1081 clientis
194 1027 324 1099 secutus,
339 1019 406 1079 dolo
421 1020 486 1080 eius
500 1021 629 1081 vincitur
643 1019 830 1099 traditurque
844 1019 958 1080 victori.
982 1026 1070 1097 atque
1086 1030 1112 1072 1⁵

62 1107 111 1168 ille
129 1126 189 1168 non
207 1110 408 1187 propinquum
428 1125 524 1186 neque
542 1108 660 1168 Arsacis
679 1108 715 1168 de
734 1115 835 1188 gente,
859 1108 910 1168 sed
934 1106 1071 1185 alienige-

63 1216 130 1257 nam
154 1205 184 1259 et
202 1196 365 1259 Romanum
389 1199 559 1277 increpans,
582 1195 708 1257 auribus·
727 1196 836 1257 decisis
858 1198 963 1263 vivere,
979 1196 1071 1275 iubet,

64 1288 194 1346 ostentui
209 1285 380 1346 clementiae
396 1303 466 1348 suae
481 1286 555 1345 etin
569 1302 624 1344 nos
638 1283 909 1345 dehonestamento.
925 1284 1001 1345 vdein
1016 1283 1071 1344 Go-

62 1383 158 1435 tarzes
179 1373 283 1434 morbo
306 1374 393 1454 obiit,
418 1375 589 1451 accitusque
612 1374 643 1432 in
668 1391 793 1451 reguum
811 1372 948 1432 Vonones
970 1371 1072 1433 Medos

63 1471 126 1522 tum
145 1463 328 1541 praesidens.
354 1461 435 1522 nulla
452 1461 523 1522 huic
541 1478 684 1540 prospera
702 1468 753 1522 aut
771 1460 907 1541 adversa,
927 1462 994 1539 quis
1011 1477 1071 1520 mc·
1086 1476 1112 1514 so

63 1559 243 1612 moraretur:
263 1550 346 1611 brevi
360 1558 390 1611 ct
402 1549 529 1629 inglorio
547 1552 672 1629 imperio
691 1549 867 1628 perfunctus
885 1555 944 1628 est,
962 1566 1071 1626 resque

64 1639 243 1699 Parthorum
258 1641 289 1699 in
304 1639 397 1700 lilium
413 1641 477 1700 eius
490 1637 654 1716 Vologesen
667 1637 834 1698 translatae.

133 1723 182 1789 15.
197 1727 235 1788 ht
244 1727 429 1789 Mithridates
439 1727 627 1806 Bosporanus
637 1728 753 1787 amissis
763 1725 870 1805 opibus
879 1744 979 1806 vagus,
992 1734 1072 1805 post·

65 1835 152 1895 quam
171 1815 290 1876 Didium
313 1816 420 1877 ducem
441 1816 606 1877 Romanum
628 1815 781 1894 roburque
804 1817 953 1876 exercitus
976 1815 1073 1876 abisse

65 1913 256 1986 cognoverat,
275 1904 395 1966 relictos
413 1907 444 1965 in
464 1923 540 1965 novo
558 1923 650 1983 regno
665 1903 767 1983 Cotym
786 1906 906 1965 iuventa
924 1904 1030 1965 rudem
1044 1911 1074 1964 et

64 2012 174 2073 paucas
193 1993 360 2055 cohortium
379 2012 447 2055 cum
465 1993 539 2054 lulio
558 1992 663 2073 Aquila
682 1995 781 2073 equite
800 1992 944 2073 Romano,
963 1995 1073 2072 spretis

64 2084 200 2162 utrisque
215 2085 334 2143 concire
350 2084 485 2143 nationes
489 2130 498 2163 ,
516 2081 638 2143 inlicere
652 2081 804 2164 perlugas3
824 2089 976 2160 postremo
990 2095 1100 2142 exer-⁵

64 2174 126 2231 citu
150 2180 252 2233 coacto
276 2188 376 2249 regem
395 2171 627 2233 Dandaridarum
645 2170 784 2233 exturbat
805 2172 990 2250 imperioque
1009 2173 1074 2231 eius

64 2261 186 2337 potitur.
219 2278 294 2339 quae
313 2259 366 2320 ubi
384 2262 500 2338 cognita
519 2269 549 2320 et
567 2262 625 2320 iam
643 2262 760 2338 iamque
774 2258 941 2338 bosporum
958 2261 1074 2320 invasu·

65 2364 117 2407 rus
136 2346 312 2430 habebatur,
332 2349 421 2408 diffisi
438 2351 568 2427 propriis
585 2346 699 2408 viribus
714 2348 818 2426 Aquila
837 2355 867 2408 et
885 2347 987 2427 Cotys,
1006 2350 1075 2427 quia

65 2435 203 2497 Zorsines
218 2437 388 2506 Siracorum
401 2453 454 2496 rex
467 2436 585 2497 hostilia
599 2443 809 2516 resumpserat,
823 2446 959 2496 externas
974 2444 1004 2495 et
1017 2436 1076 2513 ipsi

65 2526 174 2601 gratias
194 2527 365 2603 quaesivere
384 2526 483 2584 missis
501 2524 605 2602 legatis
619 2524 655 2584 ad
670 2523 829 2604 Eunonen,
848 2526 900 2603 qui
912 2523 1075 2583 Aorsorum
1090 2536 1115 2577 ιο

65 2614 148 2690 genti
163 2616 343 2688 praesideas
361 2614 467 2688 opibus
485 2610 690 2690 praecellebat.
717 2630 773 2673 nec
792 2612 848 2672 luit
865 2614 898 2671 in
917 2610 1010 2680 arduo
1029 2629 1074 2671 so·

67 2702 159 2759 cictas
186 2701 348 2777 potentiam
372 2700 532 2761 Romanam
555 2700 698 2760 adversus
720 2698 862 2760 rebellem
884 2698 1074 2761 Mithridaten

65 2787 293 2848 ostentantibus.
320 2790 411 2867 igitur
424 2791 578 2868 pepigere,
597 2787 786 2867 equestribus
799 2787 921 2868 procliis
935 2787 1074 2850 Eunones

65 2883 206 2958 certaret,
221 2876 334 2938 obsidia
349 2876 467 2938 urbium
481 2876 605 2939 Romani
618 2885 816 2955 capesserent.

93 3040 94 3044 Ἰ
134 2964 183 3027 16.
202 2965 287 3027 'lunc
306 2968 468 3045 composito
487 2969 602 3046 agmine
621 2966 777 3048 incedunt,
796 2969 882 3029 cuius
898 2968 1027 3039 Frontem
1045 2975 1075 3027 et

65 3067 147 3135 terga
162 3057 262 3135 horsi,
280 3056 376 3116 media
395 3055 500 3116 eohort
487 3062 533 3116 tes
551 3063 582 3116 et
595 3054 759 3135 Bosporani
776 3055 950 3118 tutabantur
963 3058 1074 3117 nostris

137 3226 181 3296 14,
202 3235 216 3282 7
235 3228 367 3297 p.eteres
384 3225 521 3281 ,haberet
539 3231 606 3282 rm
622 3228 677 3286 119
696 3225 787 3281 Medis
810 3229 846 3282 at.
863 3231 917 3294 122
941 3225 1074 3307 uologese

67 3297 139 3368 lli,
157 3300 345 3367 aeotylm.
366 3299 541 3366 cobyn2m.
558 3295 723 3366 lanfran,
742 3315 790 3353 em.
807 3295 1074 3367 Picbeoolbsirn-

67 3382 162 3421 corum
170 3368 299 3438 Inpone:
315 3367 888 3493 ememornmqloemoneladomorm,
902 3385 950 3423 ern.
959 3367 1075 3438 Idpsitrs

65 3445 90 3493 et
112 3440 153 3494 cic
178 3441 303 3510 deinceps
326 3443 331 3509 Ι
358 3447 388 3495 11
417 3455 512 3512 praesu
533 3455 582 3494 ens
609 3438 708 3509 opibus
735 3441 860 3558 supplevi
881 3412 1075 3510 (praesidebat

64 3497 161 3565 Haase
176 3527 235 3578 pro
245 3511 447 3581 praecellebat)
525 3577 527 3581 y
1066 3567 1068 3572 ,

118 3608 223 3650 raom
235 3609 312 3650 nans
327 3611 344 3651 1
827 3605 860 3654 le
945 3574 947 3578 ἱ
