2392 3876
271 192 318 246 AB
337 190 499 247 Excusso
516 189 671 246 AUGUSTI
688 191 747 246 XV.
767 196 881 246 45-49.
1005 191 1069 256 341

61 361 163 403 rerum
177 341 373 402 humanarum
387 338 467 400 aliud
486 347 587 419 caput,
606 340 659 400 sed
677 357 737 400 uon
755 341 817 399 lore
832 339 959 401 validum
974 359 1070 419 neque

63 430 226 509 occultum,
245 431 315 508 quia
328 430 361 489 in
374 435 461 489 utero
475 445 647 506 repressum
661 435 712 489 aut
725 429 783 488 iter
796 430 879 488 iuxta
893 428 1004 489 editum
1023 431 1071 490 sit.

129 515 181 580 48.
204 518 311 579 Ineunt
334 515 440 577 deinde
464 515 648 577 consulatum
672 515 762 576 Silius
785 515 881 576 Nerva
903 523 934 577 et
956 517 1071 577 Atticus

63 607 216 686 Vestinus,
235 613 339 683 coepta
353 604 440 666 simul
455 612 485 665 et
498 612 585 665 aucta
599 606 816 686 coniuratione,
830 607 861 665 in
876 623 963 683 quam
978 613 1071 666 certa·

63 698 116 757 tim
130 697 249 756 nomina
269 694 413 754 dederant
431 700 583 754 senatores
602 711 694 773 eques
712 693 810 774 miles,
830 694 954 754 iemiuae
974 695 1072 774 etiam,

63 803 131 845 cum
151 784 218 844 odio
236 783 377 862 Neronis,
396 789 459 842 tum
478 783 577 841 lavore
596 783 627 842 iu
646 781 676 842 C.
690 781 836 842 Pisonem.
869 784 895 842 is
913 781 1071 860 Calpurnio

63 891 172 950 genere
191 878 276 932 ortus
295 889 329 931 ac
347 869 455 930 multas
474 871 664 949 insignesque
684 870 807 931 familias
826 878 948 949 paterna
967 869 1099 931 nobili-⁶

64 969 123 1020 tate
138 959 318 1038 complexus,
333 957 412 1018 claro
427 958 503 1035 apud
518 957 638 1036 vulgum
652 976 773 1019 rumore
787 967 850 1019 erat
864 978 918 1039 per
931 961 1072 1020 virtutem

64 1056 115 1108 aut
129 1049 243 1126 species
257 1045 418 1107 virtutibus
432 1046 551 1106 similes.
579 1064 704 1126 namque
718 1048 886 1109 facundiam
900 1048 1019 1109 tuendis
1033 1049 1073 1109 ci·

64 1137 149 1196 vibus
173 1134 342 1215 exercebat,
369 1134 555 1213 largitionem
577 1135 734 1196 adversum
759 1138 881 1218 amicos,
909 1144 940 1198 et
964 1139 1072 1216 ignotis

64 1243 182 1304 quoque
201 1225 279 1284 comi
297 1241 433 1283 sermone
452 1229 482 1284 et
500 1241 676 1302 congressu3
694 1224 817 1284 aderant
835 1227 923 1285 etiam
942 1225 1073 1301 fortuita,

64 1331 174 1392 corpus
187 1330 358 1391 procerum,
379 1310 487 1372 decora
500 1312 604 1372 iacies:
626 1311 678 1372 sed
697 1312 801 1390 procul
816 1315 943 1389 gravitas
955 1332 1072 1374 morum
1087 1327 1113 1366 1⁰

64 1409 115 1461 aut
133 1400 317 1478 voluptatum
335 1401 527 1480 parsimonia3
548 1399 660 1460 levitati
677 1418 712 1460 ao
731 1401 964 1478 magnificentiae
980 1410 1009 1461 et
1023 1401 1072 1462 ali·

65 1489 182 1568 quando
201 1488 272 1548 luxu
291 1487 470 1565 indulgebat.
498 1489 587 1567 idque
606 1488 742 1567 pluribus
760 1488 953 1570 probabatur,
972 1491 1073 1568 quiin

65 1585 145 1638 tanta
159 1579 299 1637 vitiorum
313 1576 469 1637 dulcedine
484 1594 633 1665 summum
651 1578 809 1655 imperium
828 1595 887 1637 non
902 1580 1074 1638 restrictum

64 1667 119 1726 neo
135 1683 326 1743 perseverum
341 1664 450 1725 volunt.

131 1751 182 1814 49.
202 1752 322 1814 luitium
340 1755 538 1813 coniurationi
552 1771 611 1813 uon
626 1771 642 1813 a
656 1753 794 1831 cupidine
812 1755 907 1832 ipsius
928 1754 997 1816 init:
1018 1773 1074 1817 nec

64 1851 163 1902 tamen
186 1840 271 1901 facile
290 1842 527 1921 memoraverim,
551 1843 617 1920 quis
640 1844 753 1919 primus
777 1850 894 1922 auctor,
921 1845 1007 1904 cuius
1031 1847 1073 1904 iu·

65 1934 176 1990 stinctu
196 1932 345 1990 concitum
360 1933 400 1990 sit
417 1930 496 2008 quod
510 1937 570 1990 tam
583 1929 669 1991 multi
686 1938 885 2008 sumpserunt.
917 1935 1074 2011 promptis-

65 2021 155 2079 simos
171 2017 312 2079 Subrium
325 2017 446 2078 Flavum
461 2017 615 2079 tribunum
635 2021 800 2098 praetoriae
814 2019 945 2080 cohortis
965 2027 995 2080 et
1010 2020 1074 2081 Sul·

64 2110 175 2185 picium
194 2108 322 2184 Asprum
341 2108 546 2167 centurionem
565 2108 698 2169 extitisse
718 2111 882 2168 constantia
904 2110 1001 2169 exitus
1024 2109 1101 2170 do·⁵

65 2197 139 2276 cuit3
158 2201 189 2255 et
201 2195 339 2256 lucanus
353 2198 492 2256 Annaeus
505 2195 698 2276 Plautiusque
712 2195 875 2258 Lateranus
894 2198 990 2257 vivida
1009 2198 1075 2259 odia

65 2283 201 2343 intulere.
228 2283 381 2344 Lucanum
389 2286 527 2362 propriae
537 2303 645 2346 causae
653 2285 861 2366 accendebaut,
876 2286 954 2365 quod
969 2285 1075 2347 samam

66 2372 230 2431 carminum
245 2373 309 2430 eius
322 2372 477 2448 premebat
490 2371 567 2432 Nero
582 2373 834 2453 prohibueratque
849 2381 1006 2453 ostentare,
1028 2393 1074 2435 va·

66 2477 123 2519 uus
138 2458 374 2519 adsimulatione:
389 2459 566 2519 Lateranum
581 2460 732 2520 coustrlem
742 2460 928 2538 designatum
938 2461 1017 2521 mdia
1031 2464 1074 2522 in·

65 2549 154 2624 iuria,
174 2545 225 2605 sed
245 2564 327 2606 amor
345 2548 390 2604 rei
407 2545 544 2624 publicae
563 2548 692 2608 sociavit.
730 2555 760 2607 at
777 2547 895 2608 Flavius
915 2548 1075 2610 Scaevinus
1090 2563 1115 2602 1⁰

66 2642 96 2694 et
109 2634 249 2693 Afranius
263 2632 454 2713 Quintianus,
468 2641 595 2712 uterque
610 2637 752 2695 senatorii
765 2635 893 2716 ordinis,
912 2644 1016 2696 contra
1034 2639 1074 2698 la-

65 2739 143 2782 mam
162 2723 209 2781 sui
227 2723 408 2799 principium
426 2725 501 2782 tanti
519 2723 659 2783 facinoris
677 2724 871 2801 capessivere.
906 2742 975 2784 uam
989 2724 1074 2786 Scae-

65 2812 133 2870 vino
152 2809 294 2870 dissoluta
317 2809 388 2870 luxu
412 2828 496 2871 mens
520 2818 550 2871 et
572 2810 696 2890 proinde
720 2813 778 2872 vita
796 2828 900 2873 somno
925 2811 1075 2894 languida:

65 2897 243 2969 Quintianus
264 2897 388 2960 mollitia
410 2901 544 2978 corporis
569 2898 687 2960 infamis
712 2908 743 2961 ct
760 2918 777 2960 a
794 2899 911 2962 Nerone
930 2902 1074 2981 probroso

65 2989 196 3048 carmine
211 2986 376 3047 diiiamatns
396 2988 589 3049 contumelias
603 2988 697 3050 ultum
713 2987 781 3050 ibat.
1089 3001 1114 3042 1⁵

135 3173 208 3241 47,9
223 3175 284 3246 aut]
299 3175 458 3242 otmari,
476 3178 622 3244 oto.ad1,
633 3182 669 3232 16
685 3176 690 3247 Ι
704 3175 750 3244 48,
767 3182 799 3231 11
817 3175 930 3232 levitati
947 3177 1073 3234 Eruemi:

64 3245 177 3300 lenitati
201 3249 206 3315 Ι
228 3246 275 3312 49,
295 3252 309 3300 1
329 3244 530 3300 coniurationis
547 3248 584 3302 oi.
601 3250 638 3312 14
656 3247 774 3302 Flevum
791 3247 908 3303 Belclcer:
931 3246 1047 3303 fluuium
1068 3248 1072 3320 Ι

65 3323 81 3371 d
98 3315 253 3370 lateranus
280 3317 362 3371 idem
390 3316 534 3371 lateranus
562 3317 660 3372 consul
687 3318 850 3388 designatus
882 3319 927 3387 (cf.
946 3336 970 3374 o.
990 3321 1019 3387 9)
1036 3323 1040 3386 Ι
1057 3325 1074 3374 9

65 3385 253 3441 aemulatione
267 3387 382 3456 Lipsiae
385 3407 396 3454 ;
415 3405 476 3444 com
491 3388 604 3444 Tacitus
617 3395 673 3444 tam
686 3391 773 3444 multo
790 3391 823 3444 iu
835 3390 976 3446 aeonum
989 3391 1074 3459 aiqui-

63 3457 239 3524 fiootionibns
256 3460 409 3526 amoverit,
428 3459 556 3528 reiiqe'oni
572 3461 630 3526 fait
647 3458 888 3529 adsimulatione,
905 3461 923 3516 i.
943 3478 963 3516 e.
982 3461 1075 3518 studio

63 3528 123 3583 eius
140 3529 324 3599 adaequandi,
342 3531 485 3586 immutare
500 3531 505 3599 Ι
523 3535 555 3584 15
574 3529 692 3584 multum
