2408 3870
112 181 177 246 348
458 179 628 235 CORNELII
646 180 767 235 raom

112 329 300 408 amplectitur
314 347 378 390 rem
392 327 550 409 publicam,
568 328 639 389 dum
654 328 761 390 auxilia
772 328 903 390 libertati
916 332 1049 393 invocat.
1081 338 1138 396 mi·

73 434 99 474 1⁵
112 417 155 477 les
174 420 273 497 potius
284 418 409 478 'deesset
427 425 457 479 et
474 416 577 496 plebes
595 417 760 497 deseieret,
780 417 851 479 dum
869 420 933 498 ipse
951 421 1139 505 maioribus,

113 507 183 566 dum
198 509 338 586 posteris,
357 507 382 565 si
397 507 456 565 vita
470 508 704 586 praeriperetur,
722 512 849 567 mortem
866 506 1060 585 adprobaret.
1091 513 1138 574 in-

112 605 211 656 motus
225 593 272 655 bis
287 603 317 655 et
330 593 482 672 paululum
496 596 527 653 in
542 592 660 672 publico
677 603 823 676 versatus,
844 603 913 674 post
930 594 1015 657 domi
1029 615 1137 661 secre·

112 693 170 761 tus,
189 686 319 744 animum
338 682 494 742 adversum
514 700 652 761 suprema
671 682 818 764 firmabat,
837 683 931 745 donec
948 701 1063 748 manus
1079 690 1137 750 mi·

112 770 198 832 litum
221 772 387 853 adveniret,
412 788 487 849 quos
505 768 583 830 Nero
606 772 720 831 tirones
742 779 794 832 aut
811 772 967 850 stipendiis
987 785 1136 838 recentes

73 879 99 919 ao
113 860 274 938 delegerat:
298 877 366 921 nam
389 866 475 920 vetus
498 858 582 919 miles
605 858 765 920 timebatur
788 868 938 940 tamquam
960 861 1068 925 lavore
1088 868 1137 927 in·

113 949 212 1010 butus.
240 948 314 1008 obiit
332 947 467 1026 abruptis
481 946 672 1009 brachiorum
685 951 776 1009 venis.
804 956 1017 1011 testamentum
1030 951 1137 1016 inedie

113 1037 255 1099 adversus
273 1035 421 1096 Neronem
444 1035 661 1097 adulationibus
680 1038 775 1097 amori
793 1039 894 1099 uxoris
917 1038 1013 1118 dedit,
1038 1059 1137 1120 quam

113 1126 291 1203 degenerem
310 1132 341 1184 et
359 1123 420 1184 sola
439 1126 574 1203 corporis
595 1125 688 1186 lorma
707 1125 941 1187 commendatam
959 1130 1050 1189 amici
1072 1149 1137 1193 ma-

113 1214 252 1274 trimonio
267 1211 437 1273 abstulerat.
469 1230 577 1274 nomen
596 1212 730 1274 mulieris
743 1212 825 1274 Atria
840 1214 933 1294 Galla,
951 1217 1050 1294 priori
1070 1237 1137 1281 ma-

72 1313 99 1355 to
113 1304 171 1363 rito
186 1301 331 1362 Domitius
346 1301 439 1363 Silus:
460 1301 508 1361 bic
527 1304 677 1383 patientia,
695 1301 744 1362 illa
763 1302 936 1382 inpudicitia
950 1303 1073 1367 Pisonis
1089 1311 1137 1371 in-

113 1393 229 1453 famiam
244 1408 451 1470 propagavere.

179 1478 230 1542 60.
250 1478 417 1540 Proximam
436 1495 539 1540 necem
554 1478 661 1539 Plautii
675 1479 813 1540 Laterani
829 1479 960 1541 consulis
978 1476 1144 1562 designati¹

112 1570 190 1631 Nero
210 1569 352 1648 adiungit,
371 1568 443 1629 adeo
462 1585 603 1648 propere,
622 1574 656 1628 ut
674 1585 735 1628 non
753 1567 911 1647 complecti
924 1567 1050 1652 liberos,
1070 1592 1137 1636 non

113 1657 185 1719 illud
205 1655 294 1718 breve
313 1659 418 1716 mortis
437 1655 593 1717 arbitrium
612 1658 806 1734 permitteret.
844 1664 947 1737 raptus
970 1659 1003 1718 in
1027 1659 1135 1725 locum

114 1745 270 1808 servilibus
288 1746 393 1824 poenis
412 1746 576 1823 sepositum
594 1762 683 1805 manu
703 1744 789 1805 Statii
811 1744 926 1806 tribuni
947 1747 1144 1834 trucidatur,

86 1836 219 1914 splenus
239 1835 402 1895 constantis
421 1832 531 1895 silentii
550 1850 606 1892 nec
624 1832 744 1894 tribuno
763 1832 897 1894 obiciens
913 1834 1039 1896 eandem
1058 1857 1135 1900 con-

114 1926 276 1984 scientiam.

181 2011 323 2091 Sequitur
350 2009 456 2070 caedes
482 2008 594 2069 Annaei
619 2008 763 2088 Senecae,
795 2008 955 2070 laetissima
985 2014 1136 2098 principi,

114 2119 174 2162 non
193 2102 261 2178 quia
281 2098 494 2159 coniurationis
510 2096 699 2157 manifestum
713 2106 911 2178 compererat,
929 2097 982 2158 sed
997 2108 1033 2161 ut
1047 2101 1134 2166 lerro

114 2195 308 2267 grassaretur,
329 2184 446 2263 quando
460 2201 607 2244 venenum
621 2202 680 2244 non
694 2193 890 2263 processerat.
917 2185 1000 2247 solus
1014 2191 1133 2271 quippe

75 2293 101 2335 1o
114 2275 225 2336 Natalis
240 2282 269 2335 et
283 2272 427 2334 hactenus
441 2274 598 2353 prompsit,
617 2275 741 2334 missum
760 2292 792 2334 se
811 2274 846 2336 ad
865 2282 1021 2354 aegrotum
1036 2278 1133 2342 Sene-

115 2383 188 2444 cam,
202 2365 247 2424 uti
256 2364 366 2423 viseret
375 2370 677 2442 conquerereturque,
692 2381 747 2423 cur
755 2362 894 2424 Pisonem
903 2363 986 2425 aditu
995 2377 1133 2431 arceret:

114 2454 220 2515 melius
243 2453 320 2531 lore,
343 2451 370 2512 si
392 2451 550 2510 amicitiam
574 2449 711 2512 familiari
729 2469 891 2530 congressu
911 2455 1131 2519 exercuissent.

115 2552 145 2605 et
162 2541 352 2622 respondisse
372 2538 515 2600 Senecam
538 2556 690 2600 sormones
713 2547 834 2601 mutuos
852 2547 884 2602 et
901 2539 1006 2615 erebra
1027 2545 1132 2606 conlo

115 2635 183 2713 qnia
203 2633 302 2692 nentri
321 2628 501 2708 conducere3
525 2636 658 2689 ceterum
676 2627 801 2689 salutem
819 2647 904 2690 suam
922 2629 1133 2695 incolumitate

75 2735 101 2777 15
115 2722 230 2783 Pisonis
249 2720 345 2779 inniti.
380 2717 453 2778 baec
472 2717 550 2776 serre
570 2715 678 2776 Gavius
698 2715 833 2778 Silvanus
851 2717 992 2779 tribunus
1009 2729 1132 2797 praeto

115 2811 176 2870 riae
195 2807 339 2886 cohortis,
365 2813 396 2866 et
414 2823 450 2866 an
470 2805 548 2865 dicta
566 2803 676 2866 Natalis
695 2823 807 2885 suaque
827 2824 969 2886 responsa
987 2819 1133 2873 nosceret

115 2896 284 2977 percontari
303 2893 445 2955 Senecam
463 2892 591 2954 iubetur.
633 2895 659 2954 is
683 2894 758 2954 lorte
781 2912 818 2954 an
841 2893 973 2974 prudens
995 2894 1034 2956 ad
1058 2915 1133 2961 eum

115 2986 194 3048 diem
222 3001 258 3043 ex
281 2981 438 3061 Campania
465 2989 648 3042 remeaverat
673 2989 870 3062 quartumque
893 2982 970 3062 apud
998 2983 1133 3064 lapidem

115 3071 286 3136 suburbano
302 3087 372 3131 rure
387 3068 568 3130 substiterat.
601 3069 650 3130 illo
670 3072 834 3150 propinqua
848 3088 971 3151 vespera
985 3072 1133 3138 tribunus

74 3177 102 3220 aa
115 3163 196 3225 venit
210 3169 240 3222 et
255 3159 353 3220 villam
366 3157 460 3237 globis
474 3157 602 3218 militum
617 3161 740 3239 saepsit3
755 3167 818 3220 tum
832 3161 891 3239 ipsi
904 3177 973 3220 curn
986 3159 1133 3242 Pompeia

186 3383 233 3451 59,
253 3389 287 3437 19
305 3381 368 3451 quis
384 3386 389 3448 Ι
405 3389 439 3438 20
457 3383 603 3450 nmquam
621 3381 785 3438 Etiamnum
809 3396 980 3451 quamquem
994 3383 1000 3452 Ι
1015 3387 1052 3438 24
1070 3401 1134 3440 mu-

114 3454 345 3583 maffazm
361 3457 365 3524 Ι
381 3453 427 3522 to,
445 3457 478 3507 15
497 3449 600 3506 Gavius
618 3453 737 3509 Belclcere
756 3451 871 3521 grauius
887 3455 892 3522 1
910 3457 942 3508 lt
961 3459 1137 3547 agnosceret
