2392 3876
254 181 303 237 AB
321 180 486 237 EXOESSU
501 179 658 238 AUGUSTI
675 182 746 238 XIV.
766 188 844 239 2-5.
986 183 1069 250 1285

59 335 192 395 nientem
210 329 318 391 dehinc
337 330 442 392 obvius
460 332 492 391 in
510 331 597 392 litora
615 323 699 414 (nam
712 331 800 393 Antio
818 328 1006 414 adventabat)
1021 352 1069 394 ex-

60 424 140 501 cepit
158 438 249 481 manu
266 426 297 480 et
314 419 471 498 complexu
489 419 631 498 ducitque
650 419 765 481 Baulos.
803 420 833 481 id
854 421 940 481 villae
961 439 1069 482 nomen

59 517 116 590 est,
126 527 201 589 quae
210 506 600 586 promunturiumMisenum
610 511 689 569 inter
699 517 729 570 et
738 509 878 570 Baianum
888 508 1070 570 lacumilexo

62 600 137 660 mari
155 597 292 658 adluitur.
320 596 417 658 stabat
434 599 513 657 inter
528 597 599 657 alias
612 600 695 658 navis
710 600 854 678 ornatior,
872 606 1021 677 tamquam
1040 599 1069 658 id

61 705 180 768 quoque
202 686 310 746 honori
328 686 432 746 matris
453 685 587 746 daretur:
611 688 721 766 quippe
744 693 881 748 sueverat
902 689 1019 747 triremi
1042 694 1071 748 et
1085 701 1111 740 1⁰

61 776 280 838 classiariorum
298 775 422 852 remigio
440 773 516 835 vebi.
548 792 582 834 ac
600 781 664 835 tum
682 777 804 836 invitata
822 775 858 836 ad
878 774 980 853 epulas
999 783 1070 854 erat,

61 872 95 926 ut
113 863 288 926 occultando
303 862 428 923 facinori
446 879 504 922 nox
522 861 721 924 adhiberetur.
754 866 825 925 satis
844 866 978 925 constitit
998 866 1071 924 exti-

61 956 133 1015 tisse
148 951 345 1031 proditorem,
363 959 393 1011 et
406 949 598 1028 Agrippinam
612 952 721 1012 auditis
734 953 863 1034 insidiis,
883 971 919 1013 an
934 954 1071 1013 crederet

61 1041 242 1119 ambiguam,
267 1039 431 1117 gestamine
456 1037 543 1099 sellae
569 1038 654 1100 Baias
677 1049 853 1119 pervectam.
893 1041 935 1102 ibi
959 1041 1071 1102 blandi·

61 1138 195 1192 mentum
210 1126 374 1189 sublevavit
386 1135 511 1188 metum:
530 1128 654 1188 comiter
673 1136 795 1206 excepta
809 1147 958 1210 superque
972 1133 1071 1211 ipsum
1086 1143 1111 1182 15

61 1219 211 1281 collocate.
238 1218 296 1277 iam
310 1214 447 1294 pluribus
460 1214 660 1295 sermonibus,
678 1217 766 1277 modo
780 1217 976 1278 familiaritate
990 1221 1070 1280 iure·

62 1308 117 1368 nili
129 1305 208 1367 Nero
222 1313 253 1366 et
266 1322 372 1366 rursus
387 1303 545 1385 adductus,
565 1306 651 1382 quasi
669 1306 746 1365 seria
760 1308 957 1386 consociaret,
975 1314 1071 1368 tracto

62 1399 94 1457 in
107 1396 229 1473 longum
246 1395 397 1472 convictu,
415 1393 609 1472 prosequitur
628 1391 799 1472 abeuntem,
818 1396 911 1454 artius
930 1394 1023 1454 oculis
1043 1401 1073 1454 et

62 1486 178 1564 pectori
200 1481 339 1562 haerens,
367 1483 428 1542 sive
452 1480 595 1560 explenda
618 1481 818 1561 simulatione,
846 1499 899 1541 seu
921 1484 1072 1559 periturae

63 1575 167 1651 matris
186 1587 343 1648 supremus
361 1577 499 1648 aspectus
514 1571 647 1648 quamvis
662 1571 758 1630 ferum
773 1571 904 1631 animum
917 1568 1070 1630 retinebat
1088 1586 1114 1625 so

131 1657 160 1720 5.
181 1657 304 1718 Noctem
323 1657 471 1718 sideribus
490 1657 646 1718 inlustrem
664 1665 694 1718 et
712 1657 826 1736 placido
847 1660 921 1719 mari
943 1661 1073 1738 quietam

64 1750 149 1828 quasi
159 1746 392 1807 convincendum
407 1747 442 1806 ad
457 1744 555 1807 scelus
569 1745 599 1806 di
613 1745 786 1824 praebuere.
809 1765 865 1808 nec
874 1747 1000 1808 multum
1011 1757 1074 1807 erat

64 1852 221 1916 progressa
244 1837 339 1914 navis,
363 1834 479 1895 duobus
498 1852 657 1895 enumero
677 1835 864 1896 familiarium
883 1836 1074 1914 Agrippinam

64 1922 287 2002 comitantibuS,
306 1942 342 1983 ex
361 1925 429 2003 quis
442 1923 618 2002 Crepereius
633 1922 733 1985 Gallus
752 1924 830 1985 haud
849 1924 954 2002 procul
967 1922 1074 2002 guber·

64 2007 179 2075 naculis
199 2011 346 2091 adstabat,
367 2012 527 2072 Acerronia
548 2029 639 2091 super
658 2012 750 2091 pedes
770 2013 932 2074 cubitantis
953 2012 1100 2073 reclinise

63 2102 274 2182 paenitentiam
287 2101 341 2161 filii
355 2108 385 2161 et
398 2102 593 2179 reciperatam
607 2103 710 2161 matris
728 2104 852 2180 gratiam
865 2119 920 2181 per
933 2100 1074 2181 gaudium

63 2188 258 2269 memorabat,
277 2208 345 2250 cum
364 2189 432 2250 dato
447 2184 531 2268 signo
545 2207 634 2251 ruere
647 2198 760 2251 tectum
773 2190 832 2251 loci
845 2190 938 2252 multo
953 2189 1073 2269 plumbo

65 2296 166 2359 grave,
198 2295 379 2357 pressusque
408 2278 585 2356 Crepereius
617 2286 648 2339 et
679 2281 776 2340 statim
807 2282 990 2340 exanimatus
1020 2286 1073 2340 est.

64 2368 226 2445 Agrippina
245 2374 275 2426 et
288 2366 448 2427 Acerronia
467 2366 666 2428 eminentibus
684 2367 754 2428 lecti
771 2368 934 2447 parietibus
949 2387 982 2428 ac
998 2368 1074 2428 forte

64 2454 265 2535 validioribus
280 2473 368 2533 quam
382 2463 415 2516 ut
429 2457 514 2515 oneri
523 2455 672 2536 cederent,
686 2463 837 2534 protectae
848 2463 926 2516 sunt.
950 2473 1005 2516 nec
1016 2457 1074 2515 dis·
1089 2472 1114 2511 ιο

65 2543 173 2605 solutio
182 2545 291 2622 navigii
305 2543 493 2623 sequebatur,
507 2543 635 2604 turbatis
648 2542 786 2604 omnibus
801 2551 831 2604 et
846 2543 924 2623 quod
939 2543 1074 2621 plerique

64 2633 162 2710 ignari
179 2635 267 2693 etiarn
286 2633 421 2692 conscios
440 2630 647 2710 impediebant.
677 2633 772 2692 visum
790 2631 898 2691 dehine
912 2630 1075 2709 remigibus

65 2738 159 2782 unum
171 2722 203 2780 in
217 2720 294 2781 latus
308 2720 450 2780 inclinare
465 2727 553 2798 atque
568 2722 608 2780 ita
622 2734 727 2780 navem
741 2718 944 2798 submergere:
959 2718 1010 2780 sed
1026 2738 1075 2781 ne·

66 2827 124 2888 que
137 2811 211 2887 ipsis
224 2816 380 2888 promptus
395 2811 503 2868 iurem
518 2807 646 2868 subitam
660 2826 837 2890 consensus,
855 2816 885 2870 et
903 2808 953 2869 alii
972 2816 1075 2870 contra

65 2899 195 2958 nitentes
215 2897 323 2957 dedere
345 2895 516 2957 facultatem
536 2895 659 2957 lenioris
680 2898 711 2957 in
732 2916 814 2958 mare
832 2899 936 2958 iactus.
969 2887 1073 2959 r'erum
1089 2912 1114 2953 15

64 2987 239 3066 Acerronia,
257 2984 446 3064 inprudentia
465 2985 537 3045 dum
555 3003 587 3045 se
601 2985 792 3065 Agrippinam
811 3005 876 3048 esse
895 2994 987 3066 utque
1007 2986 1074 3046 sub-

64 3076 218 3136 veniretur
236 3076 324 3134 matri
341 3075 485 3152 principis
503 3073 645 3154 clamitat,
667 3077 763 3136 contis
784 3083 815 3136 et
835 3078 927 3136 remis
949 3085 978 3135 et
1000 3092 1075 3152 quae

136 3245 163 3313 4,
178 3251 194 3300 6
212 3244 243 3298 in
264 3241 349 3297 litore
364 3243 506 3312 Plebeeol
523 3249 557 3298 10
570 3242 669 3299 metris
688 3246 728 3300 ed.
755 3245 873 3302 Froben.
902 3249 927 3299 et
949 3243 1075 3312 IApsiusr

64 3313 153 3369 metri
174 3313 299 3385 (honmb
321 3313 408 3367 matri
431 3315 493 3370 Jac.
515 3313 680 3385 Gronovius)
705 3319 710 3383 1
736 3322 771 3370 14
789 3315 873 3369 Beies
894 3316 1075 3370 Puteolanos:

64 3384 165 3442 baulos
180 3388 186 3454 Ι
203 3392 236 3440 14
254 3384 447 3440 blandimento
471 3385 603 3456 Agricola
618 3387 623 3456 Ι
640 3392 673 3442 16
694 3385 752 3440 iem
770 3387 916 3442 Heinsius:
939 3401 1006 3438 nam
1021 3390 1025 3453 Ι
1043 3392 1076 3441 19

64 3456 221 3527 explendae
232 3455 405 3510 simulationi
414 3457 530 3526 Idpsiue
542 3456 547 3529 l
557 3457 673 3538 poturae
689 3463 748 3513 zm.
765 3460 770 3528 1
786 3457 812 3525 5,
824 3464 840 3513 6
853 3455 937 3510 matri
948 3455 1077 3513 Faunos

66 3527 71 3601 Ι
93 3535 127 3583 10
146 3543 232 3596 quam
249 3529 282 3582 ut
302 3529 435 3584 Piclceno:
455 3543 583 3596 quemme
725 3552 728 3557 ·
