2392 3876
286 185 335 239 AB
353 184 514 241 EXCESSU
531 184 686 240 AUGUSTI
704 187 725 240 l.
745 192 857 242 ott-et.
1038 186 1081 250 33

71 331 222 395 amissam'
246 334 375 411 ductum¹
383 334 452 395 iude
464 351 568 412 agmen
578 333 614 394 ad
624 333 744 394 ultimos
753 334 975 414 Bructerorum,
990 351 1081 413 quan-

72 433 196 501 tumque
211 422 350 484 Amisiam
364 430 394 483 et
407 421 532 502 Lupiam
546 440 647 482 amnes
660 424 739 483 inter
753 430 907 502 vastatum,
920 421 998 482 barad
1013 441 1080 501 pro-

72 511 121 571 cul
135 509 385 589 Teutoburgiensi
399 509 489 590 saltu,
508 512 612 588 inquo
629 509 771 589 reliquiae
786 510 855 571 Vari
873 510 1081 590 legionumque
1096 526 1123 566 15

72 598 237 678 insepultae
251 597 433 660 dicebantur.
721 659 723 664 .

68 754 71 762 ,
142 685 193 748 61.
216 686 310 766 Igitur
332 688 441 767 cupido
464 686 619 748 Caesarem
645 687 757 748 invadit
784 687 917 748 solvendi
944 705 1082 766 suprema

72 775 217 836 militibus
231 776 372 856 ducique,
388 783 523 854 permoto
537 776 573 836 ad
588 778 806 837 miserationem
821 778 902 837 omni
916 778 968 855 qui
982 777 1083 836 aderat

73 865 207 925 exercitu
221 863 259 924 ob
274 867 471 944 propinqum,
489 866 614 943 amicos,
631 864 759 944 denique
779 863 817 925 ob
833 882 921 926 casus
936 864 1081 925 bellorum

74 961 105 1014 et
119 959 231 1013 sortem
244 952 405 1014 bominum.
433 955 597 1032 praemisso
611 951 749 1032 Caecina,
768 960 801 1013 ut
820 952 935 1014 occulta
954 952 1082 1014 saltuum

75 1047 260 1102 scrutaretur
276 1048 441 1120 pontesque
458 1048 488 1102 et
506 1059 628 1120 aggeres
646 1041 747 1103 umido
766 1041 906 1121 paludum
926 1049 956 1102 et
975 1041 1081 1102 fallaci·
1096 1039 1108 1079 ⁵

74 1129 131 1190 bus
157 1131 269 1208 campis
291 1131 460 1211 inponeret,
483 1131 626 1192 incedunt
648 1137 776 1191 maestos
799 1130 879 1192 locos
898 1132 1022 1209 visuque
1048 1149 1081 1190 ao

74 1220 216 1278 memoria
232 1218 380 1279 deformis.
408 1221 504 1296 prima
518 1217 585 1280 Vari
601 1226 698 1280 castra
716 1218 773 1280 lato
791 1219 901 1280 ambitu
921 1226 951 1279 et
969 1219 1082 1279 dimen-

73 1309 114 1368 sis
131 1308 287 1386 principiis
303 1309 394 1368 trium
408 1305 558 1383 legionum
573 1325 677 1367 manus
691 1307 891 1387 ostentabant3
910 1307 978 1367 dein
996 1310 1082 1368 semi-

74 1403 143 1456 ruto
158 1394 247 1473 vallo,
264 1393 371 1456 humili
389 1395 468 1454 fossa
482 1396 595 1454 accisae
611 1397 670 1454 iam
688 1394 831 1472 reliquiae
850 1396 1019 1455 consedisse
1038 1398 1081 1456 in·

74 1482 303 1559 tellegebantur:
322 1481 419 1542 medio
433 1483 530 1558 campi
544 1480 671 1542 albentia
686 1498 764 1561 ossa,
778 1489 813 1541 ut
827 1483 975 1562 ingerant,
989 1492 1023 1543 ut
1037 1501 1082 1543 re·
1098 1482 1123 1520 ¹⁰

76 1572 228 1647 stiterant,
245 1570 369 1630 disiecta
383 1567 428 1628 vel
442 1577 586 1646 aggerata.
614 1568 786 1629 adiacebant
799 1570 943 1647 fragmina
958 1571 1083 1630 telorum

76 1674 282 1736 equorumque
297 1663 388 1736 artus,
403 1656 491 1718 simul
505 1659 619 1718 truncis
633 1657 772 1718 arborum
787 1659 912 1718 antefixa
927 1675 986 1718 ora.
1009 1657 1084 1719 lucis

74 1747 253 1826 propinquis
271 1743 413 1806 barbarae
431 1763 512 1826 arae,
530 1747 608 1825 apud
623 1763 696 1826 quas
715 1746 851 1807 tribunos
868 1763 902 1806 ao
919 1749 1083 1824 primorum

74 1835 213 1896 ordinum
229 1835 419 1895 centuriones
432 1842 638 1896 mactaverant.
667 1841 697 1896 et
710 1834 801 1896 cladis
818 1837 883 1896 eius
899 1838 1083 1914 superstites,

74 1941 204 2004 pugnam
223 1930 274 1984 ant
287 1922 403 1984 vincula
422 1923 526 2003 elapsi,
545 1922 712 1985 referebant
732 1924 781 1984 bic
800 1924 943 1985 cecidisse
962 1923 1083 2005 legatos,
1098 1921 1123 1961 ¹⁵

74 2013 134 2074 illic
150 2019 248 2090 raptas
263 2010 388 2092 aquilas;
402 2014 532 2090 primum
546 2013 597 2074 ubi
610 2013 716 2073 vulnus
728 2011 801 2072 Varo
816 2012 961 2092 adactum,
975 2013 1027 2074 ubi
1040 2015 1084 2073 in·

75 2102 155 2162 lelici
166 2100 287 2162 dextera
299 2109 329 2162 et
341 2114 395 2161 suo
407 2103 469 2162 ictu
481 2111 607 2162 mortem
619 2103 779 2181 invenerit,
793 2119 852 2181 quo
864 2100 1006 2162 tribunali
1015 2120 1083 2163 con-

76 2193 205 2250 tionatus
219 2191 383 2268 Arminius,
402 2197 474 2268 quot
488 2190 617 2269 patibula
633 2192 769 2270 captivis,
788 2207 864 2270 quae
881 2189 1016 2269 scrobes,
1037 2199 1082 2251 ut·

76 2297 134 2358 que
148 2280 241 2356 signis
255 2285 286 2338 et
299 2277 405 2357 aquilis
419 2296 473 2356 pcr
487 2279 656 2357 snperbiam
670 2278 816 2339 inluserit.

143 2364 194 2428 62.
217 2366 311 2444 lgitur
334 2366 483 2428 Romanus
506 2370 558 2446 qui
580 2367 682 2428 aderat
704 2368 853 2428 exercitus
877 2375 992 2430 sextum
1016 2376 1084 2447 post

76 2455 168 2516 cladis
181 2471 291 2515 annum
305 2457 396 2515 trium
410 2454 558 2533 legionum
573 2473 649 2535 ossa,
663 2454 744 2515 nullo
758 2464 900 2516 noscente
914 2456 1023 2516 alienas
1038 2474 1083 2516 re-

77 2544 182 2622 liquias
195 2560 233 2603 an
245 2559 367 2604 suorum
379 2543 470 2604 burno
482 2551 605 2622 tegeret,
619 2561 721 2604 omnes
731 2552 764 2605 ut
774 2545 957 2624 coniunctos,
972 2551 1006 2604 ut
1016 2562 1084 2604 con·

75 2634 266 2709 sanguineos,
284 2639 368 2692 aucta
382 2633 413 2691 in
428 2632 544 2692 hostem
557 2633 614 2711 ira,
629 2633 733 2692 maesti
747 2632 835 2692 simul
850 2641 879 2692 et
893 2633 1002 2692 intensi
1015 2651 1083 2693 con-

75 2720 193 2780 debant.
222 2720 350 2795 primum
364 2719 529 2779 extruendo
545 2719 659 2780 tumulo
675 2722 834 2798 caespitem
849 2720 956 2782 Caesar
974 2723 1082 2802 posuit,
1097 2734 1109 2773 ⁵

75 2807 245 2886 gratissimo
257 2822 379 2865 munere
392 2808 423 2866 in
433 2806 588 2868 defunctos
599 2816 629 2869 et
638 2807 845 2886 praesentibus
855 2808 965 2870 doloris
976 2813 1082 2871 socius.

75 2893 155 2975 quod
171 2892 290 2953 'liberio
305 2892 382 2953 baud
397 2894 568 2976 probatum,
588 2913 641 2957 seu
656 2903 762 2958 cuncta
776 2897 944 2958 Germanici
959 2900 988 2958 in
1003 2898 1082 2958 dcte-

37 3010 41 3017 ·
73 2987 138 3046 rius
153 2982 291 3062 trahenti,
306 2985 366 3043 sive
379 2985 542 3044 exercitum
555 2987 681 3064 imagine
690 3002 844 3046 caesorum
854 2986 1083 3065 insepultorum-

72 3091 133 3153 que
150 3071 298 3132 tardatum
315 3070 350 3131 ad
370 3070 482 3150 proelia
500 3081 531 3134 et
548 3073 812 3135 formidolosiorem
831 3074 961 3135 bostium
981 3075 1082 3136 crede·

72 3163 136 3241 bat3
152 3178 249 3239 neque
260 3161 467 3238 imperatorem
480 3170 625 3240 auguratu
635 3171 665 3224 ct
675 3163 885 3224 vetustissimis
895 3164 1082 3224 caerimoniis
1098 3177 1124 3216 10

72 3248 241 3329 praeditum
256 3247 421 3310 adtrectare
438 3250 536 3311 leralia
550 3251 697 3314 debuisse.
814 3258 842 3332 ψ’

145 3455 190 3520 tl,
212 3461 244 3508 12
264 3453 348 3508 simul
359 3487 392 3496 -
403 3473 453 3511 ore
470 3460 639 3528 transposuit
657 3457 753 3513 Haase
765 3462 831 3528 post
847 3457 1039 3513 mactaverant
1056 3475 1081 3514 o.

71 3527 130 3593 141
149 3531 180 3579 19
199 3523 349 3580 inluserint
367 3527 492 3584 Heraeus

124 3621 226 3663 'rtem
239 3622 312 3664 PARS
327 3624 344 3664 1.
853 3624 869 3674 3
