2392 3876
250 197 298 253 AB
317 196 477 254 Excessu
495 196 652 254 AUGUSTI
669 198 715 254 lv.
736 204 849 255 aa-oo.
1002 199 1066 264 133

57 354 103 408 est
112 345 233 408 Caesar:
249 346 368 408 solitum
383 349 493 426 quippe
503 345 723 425 magistratibus
733 347 811 408 diem
820 348 943 427 privatis
953 347 1065 410 dicere:

57 455 112 496 nec
122 435 341 515 infringendum
351 435 481 497 consulis
490 437 546 517 ius,
560 434 763 513 cuiusvigiliis
772 437 927 517 niteretur,
939 455 976 498 ne
986 435 1066 517 quod

57 543 106 586 res
124 522 242 605 publica
260 524 472 585 detrimentum
489 531 617 603 caperet.
649 526 803 602 proprium
822 525 853 586 id
871 523 991 586 Tiberio
1010 524 1067 585 fuit

57 612 170 675 scelera
187 630 284 692 nuper
303 621 420 692 reperta
438 615 545 691 priscis
563 610 662 673 verbis
681 611 830 693 obtegere.
864 615 956 691 igitur
974 611 1066 673 mulla

57 702 287 781 adseveratione,
302 703 387 780 quasi
400 709 451 761 aut
464 700 579 780 legibus
594 718 663 761 eum
674 699 745 761 Silio
760 708 899 780 ageretur
914 709 964 762 atat
973 700 1065 762 Varro
1081 717 1107 758 ao

57 790 162 852 consul
179 798 231 851 aut
251 789 324 850 illud
342 805 391 850 res
409 787 528 868 publica
546 796 638 869 esset,
657 796 805 868 coguntur
823 797 932 869 patres.
961 789 1066 850 silente

56 898 122 960 reo,
141 878 187 940 vel
202 880 228 939 si
246 877 448 938 defensionem
467 885 632 959 coeptaret,
650 894 711 938 non
730 877 898 939 occultante
917 880 1004 939 cuius
1022 879 1067 939 ira

58 973 254 1047 premeretur,
269 967 449 1026 conscientia
463 964 532 1026 belli
543 964 679 1027 Sacrovir
689 965 740 1027 diu
750 966 961 1048 dissimulatus,
975 968 1066 1027 victo-

59 1058 102 1116 ria
124 1072 179 1134 per
201 1055 353 1115 avaritiam
375 1053 490 1115 foedata
513 1061 543 1114 et
565 1072 641 1116 uxor
660 1053 743 1115 Sosia
766 1054 975 1134 arguebantur.
1012 1071 1067 1115 nec

59 1143 148 1205 dubie
163 1142 394 1224 repetundarum
408 1141 582 1204 criminibus
596 1141 770 1224 haerebant,
789 1143 841 1204 sed
856 1151 964 1205 cuncta
979 1160 1066 1223 quae-
1082 1157 1108 1199 1s

59 1236 154 1294 stione
168 1232 330 1293 maiestatis
344 1234 483 1312 exercita,
497 1239 527 1292 ot
537 1230 626 1292 Silius
636 1233 839 1294 imminentem
853 1232 1069 1293 damnationem

58 1321 223 1382 voluntario
237 1321 296 1381 line
309 1320 479 1398 praevertit.

127 1407 178 1470 20.
197 1408 348 1468 Saevitum
362 1415 461 1467 tamen
475 1409 506 1466 in
524 1407 614 1487 bona,
634 1424 694 1467 non
712 1414 747 1467 ut
766 1407 965 1486 stipendiariis
979 1425 1068 1485 pecu·

61 1499 126 1557 niae
150 1495 359 1576 redderentur,
384 1512 512 1572 quorum
534 1511 620 1555 nemo
644 1493 809 1575 repetebat,
834 1494 886 1555 sed
909 1494 1069 1577 liberalitas

60 1586 186 1664 Augusti
203 1582 317 1662 avulsa,
336 1584 504 1660 conputatis
522 1580 693 1660 singillatim
707 1600 782 1660 quae
797 1583 869 1643 iisco
883 1582 1070 1661 petebantur.

60 1693 95 1734 ea
121 1675 217 1752 prima
244 1671 363 1731 'liberio
392 1688 461 1748 erga
488 1673 646 1748 pecuniam
674 1670 799 1731 alienam
826 1669 978 1750 diligentia
1005 1670 1070 1731 fuit.

61 1762 146 1822 Sosia
166 1760 337 1822 inexilium
355 1759 477 1838 pellitur
494 1758 588 1819 lisinii
607 1757 680 1819 Galli
699 1761 858 1840 sententia,
882 1760 934 1839 qui
956 1766 1071 1838 partem
1098 1773 1111 1814 5

59 1847 207 1912 bono'rum
225 1846 445 1928 publicandam,
464 1865 534 1926 pars
548 1855 582 1907 ut
595 1845 698 1908 liberis
712 1846 933 1927 relinqueretur
947 1865 1070 1908 censue-

59 1947 114 2000 rat.
151 1945 255 2000 contra
276 1935 323 1998 Μ’.
346 1935 476 2016 Lepidus
504 1936 883 2016 quartam-accusatoribus
907 1935 1071 1997 secundum

61 2025 312 2090 uecessitudinem
330 2024 415 2105 legis,
435 2031 534 2085 cetera
552 2023 655 2085 liberis
668 2026 824 2086 concessit.
852 2024 932 2086 hunc
947 2042 1002 2103 ago
1015 2023 1070 2085 Le·

60 2116 163 2194 pidum
185 2113 369 2196 temporibus
393 2113 450 2174 illis
473 2130 592 2192 gravem
615 2121 645 2174 et
668 2114 831 2192 sapientem
854 2115 951 2174 virum
979 2114 1070 2174 inisse
1115 2116 1117 2121 '

61 2204 240 2283 comperior:
260 2221 328 2264 nam
346 2201 487 2281 pleraque
506 2201 542 2262 ab
557 2203 652 2262 saevis
666 2201 884 2263 adulationibus
899 2202 1024 2263 aliorum
1038 2204 1069 2262 in
1085 2217 1110 2258 ιο

61 2292 167 2353 melius
180 2291 270 2353 ilexit.
289 2308 386 2371 neque
401 2298 500 2351 tamen
514 2293 739 2369 temperamenti
753 2290 867 2372 egebat,
881 2308 950 2352 cum
964 2308 1070 2370 aequa·

61 2380 114 2442 bili
128 2382 303 2442 auctoritate
318 2387 348 2439 et
362 2380 456 2458 gratia
469 2378 547 2457 apud
562 2377 714 2440 Tiberium
727 2381 864 2458 viguerit.
891 2378 971 2440 undo
986 2378 1070 2439 dubi·

61 2476 125 2531 tare
140 2486 242 2549 cogor,
260 2469 321 2529 fato
340 2475 370 2528 et
388 2473 468 2528 sorte
487 2467 641 2547 nascendi,
658 2474 693 2527 ut
711 2475 824 2547 cetera,
841 2469 883 2528 ita
901 2469 1072 2546 principum

62 2556 213 2618 inclinatio
231 2559 263 2616 in
281 2556 349 2636 hos,
372 2557 495 2616 offensio
514 2557 545 2615 in
563 2554 643 2636 illos,
667 2573 704 2615 an
723 2558 762 2616 sit
780 2554 891 2634 aliquid
909 2547 948 2613 in¹
960 2555 1071 2613 nostris

61 2644 195 2707 consiliis
216 2643 362 2722 liceatque
385 2646 464 2704 inter
481 2643 638 2722 abruptam
657 2645 872 2704 contumaciam
891 2649 921 2703 ot
939 2640 1071 2702 deiorme
1086 2653 1111 2695 1⁶

63 2732 240 2809 obsequium
261 2748 386 2809 pergere
404 2733 462 2792 iter
480 2730 640 2792 ambitione
659 2749 693 2791 ac
711 2730 853 2810 periculis
871 2748 1005 2792 vacuum.
1043 2738 1073 2791 at

62 2817 239 2881 Messalinus
252 2816 337 2879 Cotta
350 2818 428 2880 baud
442 2821 540 2880 minus
554 2819 642 2882 claris
656 2818 830 2900 maioribus,
850 2819 902 2880 sed
916 2821 1013 2881 animo
1029 2818 1081 2879 di·'

50 2925 177 2990 -versus,
191 2907 308 2969 censuit
317 2907 478 2967 cavendum
493 2916 612 2968 senatus
627 2907 772 2988 consulto,
786 2915 820 2968 ut
834 2926 1013 2988 quamquam
1027 2909 1071 2966 in·

62 3004 165 3061 sontes
189 2997 379 3074 magistratus
404 3002 434 3056 et
458 2995 561 3074 culpae
587 2996 698 3057 abenae
726 2997 820 3057 nescii
842 2995 1073 3075 provincialibus

62 3104 189 3149 uxorum
204 3083 379 3146 criminibus
393 3083 518 3162 proinde
532 3102 620 3163 mam
635 3086 697 3147 suis
711 3084 922 3165 plecterentur.
1087 3095 1114 3136 20

134 3256 179 3324 19,
198 3261 215 3310 8
234 3257 347 3337 caperet
360 3269 420 3323 'quo
438 3253 531 3324 prium
546 3257 552 3322 1
569 3261 601 3309 11
619 3256 723 3326 patros,
742 3254 844 3309 silente
860 3270 907 3307 reo
922 3297 928 3307 .
945 3265 1073 3320 ,preme-

61 3328 148 3384 retur.
178 3326 356 3382 Conscientia
373 3328 426 3381 clii
442 3328 660 3398 immpamqmat}
678 3332 711 3380 14
730 3325 808 3378 socia
824 3330 827 3391 Ι
844 3325 889 3391 20,
905 3329 920 3377 ‘l
939 3322 984 3379 Μ’.
1003 3321 1073 3390 Lip-

61 3401 133 3456 sius:
151 3396 189 3453 M.
205 3399 211 3467 1
226 3405 243 3453 9
261 3400 294 3452 ul
311 3397 485 3467 temporibus
503 3395 561 3450 illis
581 3394 609 3452 0.
621 3395 657 3452 F.
671 3395 714 3452 W.
727 3397 833 3451 Mollior
850 3397 882 3448 in
894 3393 970 3449 Aac.
976 3393 1072 3462 philol.

61 3473 136 3525 1866
175 3511 181 3524 .
201 3472 257 3524 502
273 3473 277 3537 Ι
295 3475 328 3524 10
347 3466 489 3539 comperio
507 3468 670 3535 Beroaldus,
696 3473 726 3523 ut
743 3467 778 3535 cf.
798 3465 866 3521 Sall.
885 3464 947 3534 Iup.
966 3465 1074 3533 45110

61 3539 143 3611 potin
164 3539 351 3596 oBeroaldua
378 3554 381 3559 ·
