2408 3870
136 175 180 240 80
486 171 656 227 CORNELII
674 169 794 227 Thurri

137 325 241 402 situm3
264 321 334 383 huic
353 322 447 383 lasces
466 323 562 382 etius
581 321 740 400 praetoris,
760 320 830 381 huic
849 319 981 399 legiones
1000 321 1092 382 dates.
1127 327 1155 384 si

137 411 207 491 quid
222 410 329 471 hostile
344 412 474 490 ingruat,
494 427 582 488 quem
596 410 705 469 iustius
720 426 800 468 arma
819 411 1039 490 oppositurum,
1058 429 1156 487 quum

109 517 123 557 e
138 503 190 581 qui
208 499 296 578 legati
314 501 521 559 auctoritatem
536 506 566 557 et
579 499 699 577 propria
713 498 850 558 mandata
863 496 1033 577 acceperit?
1060 500 1155 560 relin-

136 588 288 668 quendum
297 590 385 649 etiam
396 586 566 647 rumoribus
580 596 706 666 tempus,
721 603 779 664 quo
790 594 960 648 senescant:
974 587 1155 666 plerumque

136 681 311 738 innocentes
328 677 443 737 recenti
460 674 587 736 invidiae
605 675 732 753 inpares.
766 683 796 734 at
814 676 840 734 si
858 683 959 735 teneat
976 678 1157 759 exercitum,

137 773 243 845 augeat
260 767 353 844 vires,
371 764 477 844 multa,
496 782 571 842 quae
589 763 740 842 provideri
758 765 961 844 nonpossint,
981 765 1106 825 fortuito
1121 769 1157 828 in

136 853 244 914 melius
258 871 370 914 casura.
400 848 448 912 ‘an
463 853 637 913 festinamus
655 869 723 912 cum
743 850 911 912 Germanici
930 852 1083 913 cineribus
1103 856 1158 916 ad-

98 941 261 1021 repellere,
281 950 315 1001 ut
333 948 364 1001 te
381 941 548 1002 inauditum
566 948 597 1002 et
614 940 801 1000 indefensum
820 939 958 1018 planctus
971 944 1157 1021 Agrippinae

137 1049 172 1092 ac
186 1029 292 1107 vulgus
306 1031 477 1110 imperitum
490 1032 587 1107 primo
601 1047 721 1090 rumore
730 1026 868 1107 rapiant?
882 1036 927 1088 est
936 1029 992 1089 tlbi
1001 1031 1158 1108 Augustae

138 1119 333 1198 conscientia,
357 1125 403 1178 est
426 1117 560 1178 Caesaris
583 1116 677 1198 lavor,
702 1117 754 1177 sed
778 1120 810 1177 in
831 1116 960 1198 occulto;
984 1125 1014 1178 ct
1036 1122 1158 1197 perisse

139 1207 346 1268 Germanicum
364 1204 438 1267 nulli
456 1208 614 1267 iactantius
632 1213 766 1267 maerent
785 1223 874 1285 quam
888 1208 940 1284 qui
953 1209 1081 1267 maxime
1096 1209 1158 1270 lae-

139 1291 261 1356 tantur?

207 1382 258 1447 78.
276 1383 361 1446 Haud
376 1402 480 1464 magna
494 1383 571 1445 mole
585 1382 667 1463 Piso,
686 1390 842 1463 promptus
857 1383 1021 1463 ferocibus,
1039 1387 1072 1444 in
1088 1403 1159 1447 sen-

138 1475 262 1535 tentiam
276 1474 404 1535 trahitur
417 1475 577 1554 missisque
590 1472 627 1534 ad
638 1471 791 1533 Tiberium
804 1472 940 1550 epistulis
954 1475 1072 1535 incusat
1083 1474 1159 1535 Ger-

138 1565 288 1625 manicum
301 1563 389 1624 luxus
407 1570 438 1623 et
456 1561 626 1642 snperbiae3
645 1578 736 1639 seque
755 1559 887 1642 pulsum,
907 1570 941 1621 ut
959 1561 1042 1621 locus
1062 1563 1160 1625 rebus

140 1654 224 1712 novis
238 1652 404 1732 patefieret,
419 1669 522 1712 curam
535 1652 686 1711 exercitus
701 1649 802 1709 eadem
816 1649 873 1709 tide
889 1666 946 1729 qua
960 1653 1094 1711 tenuerit
1109 1670 1160 1713 re·

113 1743 288 1819 spetivisse.
321 1738 409 1800 simul
427 1738 588 1799 Domitium
607 1739 768 1816 inpositum
786 1739 903 1798 triremi
921 1740 1013 1798 vitare
1032 1738 1160 1801 litorum

140 1847 223 1888 oram
240 1835 418 1907 praeterque
436 1826 548 1887 insulas
566 1826 625 1886 lato
643 1827 719 1885 mari
736 1843 860 1904 pergere
879 1829 910 1886 in
925 1826 1043 1887 Suriam
1061 1828 1159 1890 iubet.

141 1923 355 1977 concurrentes
369 1915 539 1975 desertores
553 1932 608 1994 per
621 1913 787 1993 manipulos
802 1917 955 1994 conponit,
972 1922 1066 1976 armat
1081 1916 1161 1979 lixas

140 2006 333 2082 traiectisque
350 2006 382 2064 in
401 2005 601 2064 continentem
616 2002 740 2063 navibus
755 2002 893 2063 vexillum
907 2005 1038 2064 tironum
1052 2005 1086 2064 in
1101 2005 1172 2067 Su·

141 2094 217 2152 riam
235 2095 369 2152 euntium
387 2093 553 2172 intercipit,
571 2091 683 2169 regulis
697 2090 821 2151 Cilicum
839 2097 874 2151 ut
892 2109 924 2151 se
943 2091 1060 2152 auxiliis
1074 2095 1160 2155 iuva-

103 2198 128 2237 10
142 2188 210 2241 rent
229 2180 345 2259 scribit,
366 2180 444 2240 haud
464 2182 570 2258 ignavo
589 2181 625 2240 ed
643 2181 808 2240 ministeria
827 2179 897 2240 belli
915 2181 1022 2241 iuvene
1036 2179 1161 2264 Pisone,

143 2287 320 2349 quamquam
335 2268 558 2353 suscipiendum
572 2267 682 2329 bellum
696 2267 857 2328 abnuisset.

211 2356 261 2418 79.
280 2356 374 2436 Igitur
392 2375 475 2417 oram
488 2357 596 2437 Lyciae
614 2375 648 2417 ac
662 2356 849 2435 Pamphyliae
867 2356 1086 2437 praelegentes,
1106 2359 1161 2420 ob-

142 2448 200 2508 viis
222 2446 346 2506 navibus
369 2464 444 2525 quae
467 2447 659 2525 Agrippinam
681 2444 840 2524 vehebant,
868 2448 1018 2525 utrimque
1045 2446 1162 2509 infensi

144 2554 224 2597 arma
238 2538 335 2615 primo
349 2535 520 2613 expediere:
540 2535 608 2595 dein
626 2541 729 2595 mutua
748 2534 905 2595 formidine
924 2549 984 2594 non
1003 2533 1082 2594 ultra
1096 2537 1162 2597 iur-

144 2628 225 2703 gium
243 2642 417 2703 processum
436 2631 494 2703 est,
512 2623 687 2702 Marsusque
701 2621 804 2682 Vibius
823 2624 970 2683 nuntiavit
983 2622 1087 2682 Pisoni
1101 2623 1162 2685 llo-

11 2712 17 2727 '
117 2729 221 2773 emam
236 2714 272 2773 ad
287 2713 441 2774 dicendam
455 2729 574 2773 causam
587 2715 712 2772 veniret.
734 2709 783 2771 ille
797 2710 921 2772 eludens
934 2710 1091 2789 respondit
1109 2714 1163 2774 ad-

145 2801 292 2881 iuturum,
309 2800 359 2861 ubi
373 2808 504 2881 praetor,
524 2801 626 2880 quide
641 2800 791 2861 veneficiis
810 2806 981 2879 quaereret,
1001 2817 1053 2860 reo
1068 2808 1163 2880 atque

145 2888 367 2949 accusatoribus
386 2890 465 2950 diem
478 2890 666 2969 prodixisset.
694 2889 814 2949 interim
828 2887 974 2948 Domitius
988 2886 1164 2950 Laodiciam

145 2977 250 3039 urbem
266 2976 369 3036 Suriae
384 2977 538 3058 adpulsus,
557 2996 626 3038 cum
639 2976 764 3037 hiberna
777 2984 878 3036 sextae
891 2975 1016 3054 legionis
1031 2985 1163 3059 peteret,

146 3066 224 3146 quod
239 3084 305 3126 eam
317 3067 443 3125 maxime
457 3069 541 3126 novis
557 3064 688 3126 consiliis
703 3065 839 3125 idoneam
853 3056 984 3144 rebatur,
999 3082 1016 3124 a
1030 3065 1164 3127 Pacuvio

107 3170 132 3209 ιο
146 3156 241 3233 legato
260 3155 458 3233 praevenitur.
486 3154 517 3215 id
537 3153 658 3214 Sentius
672 3153 773 3213 Pisoni
786 3171 841 3232 per
854 3153 969 3213 litteras
984 3155 1081 3232 aperit
1099 3173 1166 3217 mc-

147 3252 257 3323 netque
270 3260 308 3303 ne
322 3248 418 3302 castra
432 3241 672 3323 corruptoribus,
686 3260 723 3303 ne
738 3244 919 3320 provinciam
933 3241 1011 3302 bello
1026 3249 1167 3322 temptet.

219 3379 263 3446 lt,
282 3384 300 3432 4
328 3393 413 3446 quum
437 3378 501 3433 add.
522 3376 650 3446 Lipsius,
677 3393 701 3433 v.
725 3374 831 3430 Hercei
854 3371 1140 3443 Stud.ertt.1,165
1161 3381 1165 3454 1

148 3449 192 3516 78,
212 3455 228 3503 6
248 3447 307 3502 allo
325 3446 398 3502 muri
415 3448 576 3518 Nipperdey
592 3450 596 3517 l
614 3449 658 3515 iu,
677 3454 695 3502 4
712 3446 813 3501 Vibius
840 3447 1004 3503 Rbeuuntus:
1036 3445 1167 3505 uibimus

148 3517 344 3592 {denuntiavit
361 3520 479 3575 malebat
496 3520 657 3589 Nipperdey
994 3517 1000 3533 '
