<?xml version="1.0" encoding="UTF-8"?>
<!DOCTYPE html PUBLIC "-//W3C//DTD XHTML 1.0 Transitional//EN"
    "http://www.w3.org/TR/xhtml1/DTD/xhtml1-transitional.dtd">
<html xmlns="http://www.w3.org/1999/xhtml" xml:lang="en" lang="en">
 <head>
  <title>
</title>
<meta http-equiv="Content-Type" content="text/html;charset=utf-8" />
  <meta name='ocr-system' content='tesseract 3.04.00' />
  <meta name='ocr-capabilities' content='ocr_page ocr_carea ocr_par ocr_line ocrx_word'/>
</head>
<body>
  <div class='ocr_page' id='page_1' title='image "./libriquisupersu00halmgoog_0293.png"; bbox 0 0 2392 3876; ppageno 0'>
   <div class='ocr_carea' id='block_1_1' title="bbox 126 187 880 256">
    <p class='ocr_par' dir='ltr' id='par_1_1' title="bbox 126 187 880 256">
     <span class='ocr_line' id='line_1_1' title="bbox 126 187 880 256; baseline -0.019 0"><span class='ocrx_word' id='word_1_1' title='bbox 126 191 192 256; x_wconf 81' lang='lat'>282</span> <span class='ocrx_word' id='word_1_2' title='bbox 389 189 558 245; x_wconf 84' lang='lat' dir='ltr'>CORNELII</span> <span class='ocrx_word' id='word_1_3' title='bbox 576 187 695 245; x_wconf 76' lang='lat' dir='ltr'>riom</span> <span class='ocrx_word' id='word_1_4' title='bbox 721 188 788 244; x_wconf 87' lang='lat' dir='ltr'>LlB.</span> <span class='ocrx_word' id='word_1_5' title='bbox 808 188 880 242; x_wconf 85' lang='lat' dir='ltr'>XIIL</span> 
     </span>
    </p>
   </div>
   <div class='ocr_carea' id='block_1_2' title="bbox 83 337 1139 2807">
    <p class='ocr_par' dir='ltr' id='par_1_2' title="bbox 124 337 1137 507">
     <span class='ocr_line' id='line_1_2' title="bbox 124 337 1137 418; baseline -0.001 -18"><span class='ocrx_word' id='word_1_6' title='bbox 124 341 225 401; x_wconf 89' lang='lat' dir='ltr'>hostes</span> <span class='ocrx_word' id='word_1_7' title='bbox 238 342 269 401; x_wconf 93' lang='lat' dir='ltr'>iu</span> <span class='ocrx_word' id='word_1_8' title='bbox 283 339 378 400; x_wconf 92' lang='lat' dir='ltr'>alieno</span> <span class='ocrx_word' id='word_1_9' title='bbox 389 339 467 418; x_wconf 93' lang='lat' dir='ltr'>quod</span> <span class='ocrx_word' id='word_1_10' title='bbox 477 341 640 400; x_wconf 90' lang='lat' dir='ltr'>iuventutis</span> <span class='ocrx_word' id='word_1_11' title='bbox 655 346 718 399; x_wconf 89' lang='lat' dir='ltr'>erat</span> <span class='ocrx_word' id='word_1_12' title='bbox 732 338 906 418; x_wconf 79' lang='lat' dir='ltr'>caeduntur,</span> <span class='ocrx_word' id='word_1_13' title='bbox 920 337 1040 398; x_wconf 84' lang='lat' dir='ltr'><strong>inbellis</strong></span> <span class='ocrx_word' id='word_1_14' title='bbox 1055 347 1137 399; x_wconf 85' lang='lat' dir='ltr'>aetas</span> 
     </span>
     <span class='ocr_line' id='line_1_3' title="bbox 124 429 482 507; baseline 0.003 -18"><span class='ocrx_word' id='word_1_15' title='bbox 124 432 154 490; x_wconf 93' lang='lat' dir='ltr'>in</span> <span class='ocrx_word' id='word_1_16' title='bbox 169 429 308 507; x_wconf 79' lang='lat' dir='ltr'>praedam</span> <span class='ocrx_word' id='word_1_17' title='bbox 322 429 414 489; x_wconf 83' lang='lat' dir='ltr'>divisa</span> <span class='ocrx_word' id='word_1_18' title='bbox 427 437 482 491; x_wconf 88' lang='lat' dir='ltr'>est.</span> 
     </span>
    </p>

    <p class='ocr_par' dir='ltr' id='par_1_3' title="bbox 124 514 1136 862">
     <span class='ocr_line' id='line_1_4' title="bbox 191 514 1136 595; baseline -0.001 -17"><span class='ocrx_word' id='word_1_19' title='bbox 191 515 242 578; x_wconf 74' lang='lat'>57.</span> <span class='ocrx_word' id='word_1_20' title='bbox 266 516 375 578; x_wconf 86' lang='lat' dir='ltr'>Eadem</span> <span class='ocrx_word' id='word_1_21' title='bbox 399 525 508 577; x_wconf 79' lang='lat' dir='ltr'>aestate</span> <span class='ocrx_word' id='word_1_22' title='bbox 532 519 610 576; x_wconf 92' lang='lat' dir='ltr'>inter</span> <span class='ocrx_word' id='word_1_23' title='bbox 628 515 852 576; x_wconf 82' lang='lat' dir='ltr'>Hermunduros</span> <span class='ocrx_word' id='word_1_24' title='bbox 871 514 1052 595; x_wconf 81' lang='lat' dir='ltr'><strong>Chattosque</strong></span> <span class='ocrx_word' id='word_1_25' title='bbox 1072 536 1136 578; x_wconf 91' lang='lat' dir='ltr'>cer·</span> 
     </span>
     <span class='ocr_line' id='line_1_5' title="bbox 125 603 1136 685; baseline -0.001 -19"><span class='ocrx_word' id='word_1_26' title='bbox 125 614 218 666; x_wconf 91' lang='lat' dir='ltr'>tatum</span> <span class='ocrx_word' id='word_1_27' title='bbox 236 624 341 685; x_wconf 88' lang='lat' dir='ltr'>magno</span> <span class='ocrx_word' id='word_1_28' title='bbox 360 605 486 684; x_wconf 88' lang='lat' dir='ltr'>proelio,</span> <span class='ocrx_word' id='word_1_29' title='bbox 510 604 581 665; x_wconf 95' lang='lat' dir='ltr'>dum</span> <span class='ocrx_word' id='word_1_30' title='bbox 599 604 709 664; x_wconf 85' lang='lat' dir='ltr'>flumen</span> <span class='ocrx_word' id='word_1_31' title='bbox 728 604 875 681; x_wconf 91' lang='lat' dir='ltr'>gignendo</span> <span class='ocrx_word' id='word_1_32' title='bbox 894 603 955 664; x_wconf 92' lang='lat' dir='ltr'>sale</span> <span class='ocrx_word' id='word_1_33' title='bbox 974 605 1136 666; x_wconf 79' lang='lat' dir='ltr'>secundum</span> 
     </span>
     <span class='ocr_line' id='line_1_6' title="bbox 124 690 1136 772; baseline -0.001 -17"><span class='ocrx_word' id='word_1_34' title='bbox 124 703 154 756; x_wconf 92' lang='lat' dir='ltr'>et</span> <span class='ocrx_word' id='word_1_35' title='bbox 176 696 395 755; x_wconf 87' lang='lat' dir='ltr'>conterminum</span> <span class='ocrx_word' id='word_1_36' title='bbox 417 695 446 752; x_wconf 87' lang='lat' dir='ltr'>ri</span> <span class='ocrx_word' id='word_1_37' title='bbox 467 692 602 772; x_wconf 90' lang='lat' dir='ltr'>trabunt,</span> <span class='ocrx_word' id='word_1_38' title='bbox 626 710 715 770; x_wconf 86' lang='lat' dir='ltr'>super</span> <span class='ocrx_word' id='word_1_39' title='bbox 738 690 891 752; x_wconf 81' lang='lat' dir='ltr'>libidinem</span> <span class='ocrx_word' id='word_1_40' title='bbox 914 702 1021 754; x_wconf 85' lang='lat' dir='ltr'>cuneta</span> <span class='ocrx_word' id='word_1_41' title='bbox 1045 697 1136 754; x_wconf 89' lang='lat' dir='ltr'>armis</span> 
     </span>
     <span class='ocr_line' id='line_1_7' title="bbox 124 780 1136 862; baseline -0.001 -18"><span class='ocrx_word' id='word_1_42' title='bbox 124 783 230 862; x_wconf 90' lang='lat' dir='ltr'>agendi</span> <span class='ocrx_word' id='word_1_43' title='bbox 243 783 385 860; x_wconf 85' lang='lat' dir='ltr'>religione</span> <span class='ocrx_word' id='word_1_44' title='bbox 404 783 505 862; x_wconf 81' lang='lat' dir='ltr'>insita,</span> <span class='ocrx_word' id='word_1_45' title='bbox 524 798 575 841; x_wconf 92' lang='lat' dir='ltr'>eos</span> <span class='ocrx_word' id='word_1_46' title='bbox 593 783 719 841; x_wconf 82' lang='lat' dir='ltr'>maxime</span> <span class='ocrx_word' id='word_1_47' title='bbox 737 780 817 841; x_wconf 91' lang='lat' dir='ltr'>locos</span> <span class='ocrx_word' id='word_1_48' title='bbox 835 784 1036 860; x_wconf 92' lang='lat' dir='ltr'>propinquare</span> <span class='ocrx_word' id='word_1_49' title='bbox 1055 782 1136 843; x_wconf 92' lang='lat' dir='ltr'>caelo</span> 
     </span>
    </p>

    <p class='ocr_par' dir='ltr' id='par_1_4' title="bbox 83 864 1137 1305">
     <span class='ocr_line' id='line_1_8' title="bbox 83 864 1136 950; baseline -0.003 -18"><span class='ocrx_word' id='word_1_50' title='bbox 83 885 97 925; x_wconf 79' lang='lat'>⁵</span> <span class='ocrx_word' id='word_1_51' title='bbox 124 889 288 950; x_wconf 81' lang='lat' dir='ltr'>precesque</span> <span class='ocrx_word' id='word_1_52' title='bbox 306 869 474 931; x_wconf 78' lang='lat' dir='ltr'>mortalium</span> <span class='ocrx_word' id='word_1_53' title='bbox 493 888 509 930; x_wconf 95' lang='lat' dir='ltr'>a</span> <span class='ocrx_word' id='word_1_54' title='bbox 528 869 592 930; x_wconf 93' lang='lat' dir='ltr'>deis</span> <span class='ocrx_word' id='word_1_55' title='bbox 609 887 756 948; x_wconf 88' lang='lat' dir='ltr'>nusquam</span> <span class='ocrx_word' id='word_1_56' title='bbox 778 871 901 948; x_wconf 93' lang='lat' dir='ltr'>propius</span> <span class='ocrx_word' id='word_1_57' title='bbox 924 871 1029 930; x_wconf 92' lang='lat' dir='ltr'>audiri.</span> <span class='ocrx_word' id='word_1_58' title='bbox 1066 864 1136 931; x_wconf 88' lang='lat' dir='ltr'>iude</span> 
     </span>
     <span class='ocr_line' id='line_1_9' title="bbox 125 957 1136 1039; baseline 0.001 -20"><span class='ocrx_word' id='word_1_59' title='bbox 125 959 307 1037; x_wconf 81' lang='lat' dir='ltr'>indulgentia</span> <span class='ocrx_word' id='word_1_60' title='bbox 325 960 481 1019; x_wconf 91' lang='lat' dir='ltr'>numinum</span> <span class='ocrx_word' id='word_1_61' title='bbox 499 957 548 1018; x_wconf 92' lang='lat' dir='ltr'>illo</span> <span class='ocrx_word' id='word_1_62' title='bbox 567 960 599 1018; x_wconf 92' lang='lat' dir='ltr'>in</span> <span class='ocrx_word' id='word_1_63' title='bbox 617 976 703 1018; x_wconf 91' lang='lat' dir='ltr'>amne</span> <span class='ocrx_word' id='word_1_64' title='bbox 722 957 839 1037; x_wconf 86' lang='lat' dir='ltr'>illisque</span> <span class='ocrx_word' id='word_1_65' title='bbox 858 958 939 1018; x_wconf 87' lang='lat' dir='ltr'>silvis</span> <span class='ocrx_word' id='word_1_66' title='bbox 958 959 1049 1019; x_wconf 89' lang='lat' dir='ltr'>salem</span> <span class='ocrx_word' id='word_1_67' title='bbox 1069 979 1136 1039; x_wconf 93' lang='lat' dir='ltr'>pro·</span> 
     </span>
     <span class='ocr_line' id='line_1_10' title="bbox 125 1045 1136 1128; baseline 0.002 -22"><span class='ocrx_word' id='word_1_68' title='bbox 125 1050 235 1125; x_wconf 80' lang='lat' dir='ltr'>venire,</span> <span class='ocrx_word' id='word_1_69' title='bbox 250 1065 309 1107; x_wconf 93' lang='lat' dir='ltr'>nou</span> <span class='ocrx_word' id='word_1_70' title='bbox 323 1054 357 1108; x_wconf 90' lang='lat' dir='ltr'>ut</span> <span class='ocrx_word' id='word_1_71' title='bbox 371 1046 442 1106; x_wconf 88' lang='lat' dir='ltr'>alias</span> <span class='ocrx_word' id='word_1_72' title='bbox 456 1047 533 1125; x_wconf 93' lang='lat' dir='ltr'>apud</span> <span class='ocrx_word' id='word_1_73' title='bbox 548 1054 651 1125; x_wconf 84' lang='lat' dir='ltr'>gentes</span> <span class='ocrx_word' id='word_1_74' title='bbox 666 1045 761 1106; x_wconf 90' lang='lat' dir='ltr'>eluvie</span> <span class='ocrx_word' id='word_1_75' title='bbox 775 1048 866 1106; x_wconf 89' lang='lat' dir='ltr'>maris</span> <span class='ocrx_word' id='word_1_76' title='bbox 881 1055 1033 1108; x_wconf 85' lang='lat' dir='ltr'>arescente</span> <span class='ocrx_word' id='word_1_77' title='bbox 1047 1048 1136 1128; x_wconf 88' lang='lat' dir='ltr'>unda,</span> 
     </span>
     <span class='ocr_line' id='line_1_11' title="bbox 126 1135 1137 1212; baseline 0.001 -16"><span class='ocrx_word' id='word_1_78' title='bbox 126 1135 178 1196; x_wconf 90' lang='lat' dir='ltr'>sed</span> <span class='ocrx_word' id='word_1_79' title='bbox 198 1153 288 1212; x_wconf 95' lang='lat' dir='ltr'>super</span> <span class='ocrx_word' id='word_1_80' title='bbox 302 1135 457 1196; x_wconf 89' lang='lat' dir='ltr'>ardentem</span> <span class='ocrx_word' id='word_1_81' title='bbox 470 1135 610 1196; x_wconf 91' lang='lat' dir='ltr'>arborum</span> <span class='ocrx_word' id='word_1_82' title='bbox 624 1143 738 1195; x_wconf 86' lang='lat' dir='ltr'>struem</span> <span class='ocrx_word' id='word_1_83' title='bbox 752 1136 816 1195; x_wconf 89' lang='lat' dir='ltr'>lusa</span> <span class='ocrx_word' id='word_1_84' title='bbox 830 1153 866 1195; x_wconf 81' lang='lat' dir='ltr'>ex</span> <span class='ocrx_word' id='word_1_85' title='bbox 880 1138 1038 1196; x_wconf 91' lang='lat' dir='ltr'>contrariis</span> <span class='ocrx_word' id='word_1_86' title='bbox 1057 1139 1137 1197; x_wconf 89' lang='lat' dir='ltr'>inter</span> 
     </span>
     <span class='ocr_line' id='line_1_12' title="bbox 126 1222 1137 1305; baseline 0.001 -22"><span class='ocrx_word' id='word_1_87' title='bbox 126 1242 158 1283; x_wconf 93' lang='lat' dir='ltr'>se</span> <span class='ocrx_word' id='word_1_88' title='bbox 177 1223 344 1305; x_wconf 84' lang='lat' dir='ltr'>elementis,</span> <span class='ocrx_word' id='word_1_89' title='bbox 363 1226 431 1303; x_wconf 88' lang='lat' dir='ltr'>igne</span> <span class='ocrx_word' id='word_1_90' title='bbox 445 1232 533 1303; x_wconf 90' lang='lat' dir='ltr'>atque</span> <span class='ocrx_word' id='word_1_91' title='bbox 547 1226 645 1304; x_wconf 83' lang='lat' dir='ltr'>aquis,</span> <span class='ocrx_word' id='word_1_92' title='bbox 659 1231 839 1284; x_wconf 91' lang='lat' dir='ltr'>concretum.</span> <span class='ocrx_word' id='word_1_93' title='bbox 873 1223 924 1284; x_wconf 92' lang='lat' dir='ltr'>sed</span> <span class='ocrx_word' id='word_1_94' title='bbox 939 1222 1049 1285; x_wconf 91' lang='lat' dir='ltr'>bellum</span> <span class='ocrx_word' id='word_1_95' title='bbox 1064 1225 1137 1285; x_wconf 89' lang='lat' dir='ltr'>ller-</span> 
     </span>
    </p>

    <p class='ocr_par' dir='ltr' id='par_1_5' title="bbox 86 1312 1138 1748">
     <span class='ocr_line' id='line_1_13' title="bbox 86 1312 1137 1393; baseline 0.001 -21"><span class='ocrx_word' id='word_1_96' title='bbox 86 1328 111 1365; x_wconf 88' lang='lat'>10</span> <span class='ocrx_word' id='word_1_97' title='bbox 126 1312 281 1372; x_wconf 91' lang='lat' dir='ltr'>munduris</span> <span class='ocrx_word' id='word_1_98' title='bbox 304 1331 493 1393; x_wconf 87' lang='lat' dir='ltr'>prosperum,</span> <span class='ocrx_word' id='word_1_99' title='bbox 517 1312 631 1373; x_wconf 83' lang='lat' dir='ltr'>Chattis</span> <span class='ocrx_word' id='word_1_100' title='bbox 653 1313 805 1372; x_wconf 83' lang='lat' dir='ltr'>exitiosius</span> <span class='ocrx_word' id='word_1_101' title='bbox 829 1312 897 1391; x_wconf 87' lang='lat' dir='ltr'>luit,</span> <span class='ocrx_word' id='word_1_102' title='bbox 921 1313 989 1391; x_wconf 89' lang='lat' dir='ltr'>quia</span> <span class='ocrx_word' id='word_1_103' title='bbox 1008 1315 1137 1375; x_wconf 89' lang='lat' dir='ltr'>victores</span> 
     </span>
     <span class='ocr_line' id='line_1_14' title="bbox 126 1400 1138 1482; baseline 0.001 -21"><span class='ocrx_word' id='word_1_104' title='bbox 126 1402 272 1462; x_wconf 89' lang='lat' dir='ltr'>diversam</span> <span class='ocrx_word' id='word_1_105' title='bbox 289 1404 384 1462; x_wconf 85' lang='lat' dir='ltr'>eciem</span> <span class='ocrx_word' id='word_1_106' title='bbox 398 1401 485 1461; x_wconf 84' lang='lat' dir='ltr'>Marti</span> <span class='ocrx_word' id='word_1_107' title='bbox 501 1420 536 1462; x_wconf 89' lang='lat' dir='ltr'>ac</span> <span class='ocrx_word' id='word_1_108' title='bbox 550 1400 697 1461; x_wconf 77' lang='lat' dir='ltr'>Mercurio</span> <span class='ocrx_word' id='word_1_109' title='bbox 716 1418 883 1481; x_wconf 83' lang='lat' dir='ltr'>sacravere,</span> <span class='ocrx_word' id='word_1_110' title='bbox 902 1420 960 1480; x_wconf 95' lang='lat' dir='ltr'>quo</span> <span class='ocrx_word' id='word_1_111' title='bbox 979 1409 1048 1461; x_wconf 85' lang='lat' dir='ltr'>roto</span> <span class='ocrx_word' id='word_1_112' title='bbox 1068 1405 1138 1482; x_wconf 93' lang='lat' dir='ltr'>equi</span> 
     </span>
     <span class='ocr_line' id='line_1_15' title="bbox 127 1489 1137 1570; baseline 0.001 -20"><span class='ocrx_word' id='word_1_113' title='bbox 127 1492 194 1570; x_wconf 86' lang='lat' dir='ltr'>viri,</span> <span class='ocrx_word' id='word_1_114' title='bbox 213 1499 320 1551; x_wconf 88' lang='lat' dir='ltr'>cuncta</span> <span class='ocrx_word' id='word_1_115' title='bbox 339 1493 402 1550; x_wconf 90' lang='lat' dir='ltr'>viva</span> <span class='ocrx_word' id='word_1_116' title='bbox 421 1490 567 1552; x_wconf 93' lang='lat' dir='ltr'>occidioni</span> <span class='ocrx_word' id='word_1_117' title='bbox 581 1489 699 1550; x_wconf 82' lang='lat' dir='ltr'>dantur·</span> <span class='ocrx_word' id='word_1_118' title='bbox 724 1497 755 1550; x_wconf 90' lang='lat' dir='ltr'>et</span> <span class='ocrx_word' id='word_1_119' title='bbox 768 1490 864 1550; x_wconf 92' lang='lat' dir='ltr'>minae</span> <span class='ocrx_word' id='word_1_120' title='bbox 880 1489 999 1568; x_wconf 90' lang='lat' dir='ltr'>quidem</span> <span class='ocrx_word' id='word_1_121' title='bbox 1014 1489 1137 1551; x_wconf 89' lang='lat' dir='ltr'>hostiles</span> 
     </span>
     <span class='ocr_line' id='line_1_16' title="bbox 126 1577 1137 1658; baseline 0.001 -20"><span class='ocrx_word' id='word_1_122' title='bbox 126 1581 157 1638; x_wconf 95' lang='lat' dir='ltr'>in</span> <span class='ocrx_word' id='word_1_123' title='bbox 180 1582 261 1658; x_wconf 90' lang='lat' dir='ltr'>ipsos</span> <span class='ocrx_word' id='word_1_124' title='bbox 285 1579 446 1640; x_wconf 86' lang='lat' dir='ltr'>vertebant.</span> <span class='ocrx_word' id='word_1_125' title='bbox 483 1578 536 1639; x_wconf 91' lang='lat' dir='ltr'>sed</span> <span class='ocrx_word' id='word_1_126' title='bbox 559 1579 662 1638; x_wconf 86' lang='lat' dir='ltr'>civitas</span> <span class='ocrx_word' id='word_1_127' title='bbox 681 1577 824 1638; x_wconf 86' lang='lat' dir='ltr'>Ubiorum</span> <span class='ocrx_word' id='word_1_128' title='bbox 847 1580 927 1638; x_wconf 92' lang='lat' dir='ltr'>socia</span> <span class='ocrx_word' id='word_1_129' title='bbox 950 1577 1036 1638; x_wconf 90' lang='lat' dir='ltr'>nobis</span> <span class='ocrx_word' id='word_1_130' title='bbox 1061 1581 1137 1639; x_wconf 92' lang='lat' dir='ltr'>malo</span> 
     </span>
     <span class='ocr_line' id='line_1_17' title="bbox 126 1666 1137 1748; baseline 0.003 -22"><span class='ocrx_word' id='word_1_131' title='bbox 126 1669 275 1746; x_wconf 87' lang='lat' dir='ltr'>inproviso</span> <span class='ocrx_word' id='word_1_132' title='bbox 291 1666 407 1728; x_wconf 88' lang='lat' dir='ltr'>adflicta</span> <span class='ocrx_word' id='word_1_133' title='bbox 422 1675 476 1729; x_wconf 90' lang='lat' dir='ltr'>est.</span> <span class='ocrx_word' id='word_1_134' title='bbox 508 1685 577 1726; x_wconf 84' lang='lat' dir='ltr'>nem</span> <span class='ocrx_word' id='word_1_135' title='bbox 595 1669 679 1744; x_wconf 91' lang='lat' dir='ltr'>ignes</span> <span class='ocrx_word' id='word_1_136' title='bbox 693 1673 774 1726; x_wconf 90' lang='lat' dir='ltr'>terra</span> <span class='ocrx_word' id='word_1_137' title='bbox 788 1666 860 1727; x_wconf 88' lang='lat' dir='ltr'>editi</span> <span class='ocrx_word' id='word_1_138' title='bbox 875 1666 957 1726; x_wconf 91' lang='lat' dir='ltr'>villas</span> <span class='ocrx_word' id='word_1_139' title='bbox 972 1685 1040 1727; x_wconf 86' lang='lat' dir='ltr'>arva</span> <span class='ocrx_word' id='word_1_140' title='bbox 1056 1671 1137 1748; x_wconf 76' lang='lat' dir='ltr'>uicos</span> 
     </span>
    </p>

    <p class='ocr_par' dir='ltr' id='par_1_6' title="bbox 86 1754 1138 2188">
     <span class='ocr_line' id='line_1_18' title="bbox 86 1754 1137 1834; baseline 0.003 -20"><span class='ocrx_word' id='word_1_141' title='bbox 86 1769 112 1808; x_wconf 79' lang='lat'>15</span> <span class='ocrx_word' id='word_1_142' title='bbox 126 1758 236 1833; x_wconf 72' lang='lat' dir='ltr'>pressim</span> <span class='ocrx_word' id='word_1_143' title='bbox 247 1755 446 1834; x_wconf 89' lang='lat' dir='ltr'>corripiebant</span> <span class='ocrx_word' id='word_1_144' title='bbox 461 1755 691 1834; x_wconf 80' lang='lat' dir='ltr'>serebanturque</span> <span class='ocrx_word' id='word_1_145' title='bbox 705 1756 736 1814; x_wconf 93' lang='lat' dir='ltr'>in</span> <span class='ocrx_word' id='word_1_146' title='bbox 750 1757 815 1833; x_wconf 92' lang='lat' dir='ltr'>ipsa</span> <span class='ocrx_word' id='word_1_147' title='bbox 829 1754 963 1816; x_wconf 91' lang='lat' dir='ltr'>conditae</span> <span class='ocrx_word' id='word_1_148' title='bbox 978 1774 1076 1834; x_wconf 88' lang='lat' dir='ltr'>nuper</span> <span class='ocrx_word' id='word_1_149' title='bbox 1090 1775 1137 1817; x_wconf 93' lang='lat' dir='ltr'>co·</span> 
     </span>
     <span class='ocr_line' id='line_1_19' title="bbox 127 1839 1137 1923; baseline 0.002 -19"><span class='ocrx_word' id='word_1_150' title='bbox 127 1845 221 1905; x_wconf 90' lang='lat' dir='ltr'>ioniae</span> <span class='ocrx_word' id='word_1_151' title='bbox 239 1846 362 1904; x_wconf 91' lang='lat' dir='ltr'>moenia.</span> <span class='ocrx_word' id='word_1_152' title='bbox 399 1862 497 1923; x_wconf 93' lang='lat' dir='ltr'>neque</span> <span class='ocrx_word' id='word_1_153' title='bbox 517 1845 651 1921; x_wconf 82' lang='lat' dir='ltr'>extingui</span> <span class='ocrx_word' id='word_1_154' title='bbox 667 1850 818 1923; x_wconf 83' lang='lat' dir='ltr'>poterant,</span> <span class='ocrx_word' id='word_1_155' title='bbox 838 1839 897 1904; x_wconf 91' lang='lat' dir='ltr'>non</span> <span class='ocrx_word' id='word_1_156' title='bbox 916 1846 942 1904; x_wconf 91' lang='lat' dir='ltr'>si</span> <span class='ocrx_word' id='word_1_157' title='bbox 959 1843 1072 1905; x_wconf 86' lang='lat' dir='ltr'>imbres</span> <span class='ocrx_word' id='word_1_158' title='bbox 1093 1863 1137 1906; x_wconf 88' lang='lat' dir='ltr'>ca·</span> 
     </span>
     <span class='ocr_line' id='line_1_20' title="bbox 127 1931 1138 2013; baseline 0.002 -21"><span class='ocrx_word' id='word_1_159' title='bbox 127 1933 244 2013; x_wconf 79' lang='lat' dir='ltr'>demut,</span> <span class='ocrx_word' id='word_1_160' title='bbox 267 1950 327 1993; x_wconf 93' lang='lat' dir='ltr'>uon</span> <span class='ocrx_word' id='word_1_161' title='bbox 349 1931 515 1994; x_wconf 86' lang='lat' dir='ltr'>fluvialibus</span> <span class='ocrx_word' id='word_1_162' title='bbox 538 1934 623 2010; x_wconf 90' lang='lat' dir='ltr'>aquis</span> <span class='ocrx_word' id='word_1_163' title='bbox 646 1939 697 1992; x_wconf 90' lang='lat' dir='ltr'>aut</span> <span class='ocrx_word' id='word_1_164' title='bbox 720 1950 778 2011; x_wconf 94' lang='lat' dir='ltr'>quo</span> <span class='ocrx_word' id='word_1_165' title='bbox 802 1931 857 1992; x_wconf 90' lang='lat' dir='ltr'>alio</span> <span class='ocrx_word' id='word_1_166' title='bbox 881 1932 1019 2012; x_wconf 86' lang='lat' dir='ltr'>humore,</span> <span class='ocrx_word' id='word_1_167' title='bbox 1042 1933 1138 1994; x_wconf 90' lang='lat' dir='ltr'>donec</span> 
     </span>
     <span class='ocr_line' id='line_1_21' title="bbox 126 2019 1137 2099; baseline 0.003 -19"><span class='ocrx_word' id='word_1_168' title='bbox 126 2022 225 2099; x_wconf 90' lang='lat' dir='ltr'>inopia</span> <span class='ocrx_word' id='word_1_169' title='bbox 234 2019 434 2081; x_wconf 84' lang='lat' dir='ltr'>remediorum</span> <span class='ocrx_word' id='word_1_170' title='bbox 448 2028 478 2080; x_wconf 91' lang='lat' dir='ltr'>et</span> <span class='ocrx_word' id='word_1_171' title='bbox 491 2022 536 2080; x_wconf 92' lang='lat' dir='ltr'>ira</span> <span class='ocrx_word' id='word_1_172' title='bbox 550 2020 642 2080; x_wconf 89' lang='lat' dir='ltr'>cladis</span> <span class='ocrx_word' id='word_1_173' title='bbox 656 2027 788 2097; x_wconf 89' lang='lat' dir='ltr'>agrestes</span> <span class='ocrx_word' id='word_1_174' title='bbox 803 2020 922 2099; x_wconf 91' lang='lat' dir='ltr'>quidam</span> <span class='ocrx_word' id='word_1_175' title='bbox 937 2023 1053 2082; x_wconf 92' lang='lat' dir='ltr'>eminus</span> <span class='ocrx_word' id='word_1_176' title='bbox 1069 2040 1137 2082; x_wconf 85' lang='lat' dir='ltr'>sara</span> 
     </span>
     <span class='ocr_line' id='line_1_22' title="bbox 127 2106 1137 2188; baseline 0.004 -22"><span class='ocrx_word' id='word_1_177' title='bbox 127 2110 238 2186; x_wconf 86' lang='lat' dir='ltr'>iacere,</span> <span class='ocrx_word' id='word_1_178' title='bbox 258 2107 327 2167; x_wconf 90' lang='lat' dir='ltr'>dein</span> <span class='ocrx_word' id='word_1_179' title='bbox 345 2107 554 2168; x_wconf 87' lang='lat' dir='ltr'>resistentibus</span> <span class='ocrx_word' id='word_1_180' title='bbox 572 2106 698 2168; x_wconf 90' lang='lat' dir='ltr'>flammis</span> <span class='ocrx_word' id='word_1_181' title='bbox 711 2110 835 2186; x_wconf 93' lang='lat' dir='ltr'>propius</span> <span class='ocrx_word' id='word_1_182' title='bbox 850 2112 1001 2188; x_wconf 87' lang='lat' dir='ltr'>suggressi</span> <span class='ocrx_word' id='word_1_183' title='bbox 1015 2111 1108 2170; x_wconf 83' lang='lat' dir='ltr'>ictui</span> <span class='ocrx_word' id='word_1_184' title='bbox 1128 2143 1137 2153; x_wconf 94' lang='lat'>·</span> 
     </span>
    </p>

    <p class='ocr_par' dir='ltr' id='par_1_7' title="bbox 85 2195 1139 2452">
     <span class='ocr_line' id='line_1_23' title="bbox 85 2195 1137 2276; baseline 0.009 -26"><span class='ocrx_word' id='word_1_185' title='bbox 85 2211 112 2251; x_wconf 77' lang='lat' dir='ltr'>so</span> <span class='ocrx_word' id='word_1_186' title='bbox 127 2197 217 2256; x_wconf 91' lang='lat' dir='ltr'>stium</span> <span class='ocrx_word' id='word_1_187' title='bbox 240 2195 363 2274; x_wconf 88' lang='lat' dir='ltr'>aliisque</span> <span class='ocrx_word' id='word_1_188' title='bbox 387 2195 561 2257; x_wconf 83' lang='lat' dir='ltr'>verberibus</span> <span class='ocrx_word' id='word_1_189' title='bbox 585 2203 618 2256; x_wconf 92' lang='lat' dir='ltr'>ut</span> <span class='ocrx_word' id='word_1_190' title='bbox 640 2195 718 2256; x_wconf 86' lang='lat' dir='ltr'>ieras</span> <span class='ocrx_word' id='word_1_191' title='bbox 740 2196 958 2258; x_wconf 90' lang='lat' dir='ltr'>absterrebant:</span> <span class='ocrx_word' id='word_1_192' title='bbox 985 2205 1137 2276; x_wconf 90' lang='lat' dir='ltr'>postremo</span> 
     </span>
     <span class='ocr_line' id='line_1_24' title="bbox 127 2284 1139 2364; baseline 0.003 -20"><span class='ocrx_word' id='word_1_193' title='bbox 127 2285 255 2361; x_wconf 89' lang='lat' dir='ltr'>tegmina</span> <span class='ocrx_word' id='word_1_194' title='bbox 277 2285 395 2362; x_wconf 90' lang='lat' dir='ltr'>corpori</span> <span class='ocrx_word' id='word_1_195' title='bbox 416 2284 537 2363; x_wconf 92' lang='lat' dir='ltr'>derepta</span> <span class='ocrx_word' id='word_1_196' title='bbox 558 2285 696 2364; x_wconf 87' lang='lat' dir='ltr'>iniciunt,</span> <span class='ocrx_word' id='word_1_197' title='bbox 721 2287 943 2364; x_wconf 85' lang='lat' dir='ltr'>quantomagis</span> <span class='ocrx_word' id='word_1_198' title='bbox 964 2287 1086 2364; x_wconf 85' lang='lat' dir='ltr'>prolana</span> <span class='ocrx_word' id='word_1_199' title='bbox 1109 2295 1139 2347; x_wconf 91' lang='lat' dir='ltr'>et</span> 
     </span>
     <span class='ocr_line' id='line_1_25' title="bbox 128 2371 825 2452; baseline 0.004 -19"><span class='ocrx_word' id='word_1_200' title='bbox 128 2391 184 2434; x_wconf 90' lang='lat' dir='ltr'>usu</span> <span class='ocrx_word' id='word_1_201' title='bbox 198 2371 321 2452; x_wconf 82' lang='lat' dir='ltr'>polluta,</span> <span class='ocrx_word' id='word_1_202' title='bbox 336 2379 418 2433; x_wconf 91' lang='lat' dir='ltr'>tanto</span> <span class='ocrx_word' id='word_1_203' title='bbox 432 2375 526 2451; x_wconf 88' lang='lat' dir='ltr'>magis</span> <span class='ocrx_word' id='word_1_204' title='bbox 541 2391 718 2452; x_wconf 90' lang='lat' dir='ltr'>oppressura</span> <span class='ocrx_word' id='word_1_205' title='bbox 733 2376 825 2452; x_wconf 87' lang='lat' dir='ltr'>ignes.</span> 
     </span>
    </p>

    <p class='ocr_par' dir='ltr' id='par_1_8' title="bbox 127 2459 1139 2807">
     <span class='ocr_line' id='line_1_26' title="bbox 194 2459 1138 2543; baseline 0.003 -21"><span class='ocrx_word' id='word_1_206' title='bbox 194 2459 245 2524; x_wconf 83' lang='lat'>58.</span> <span class='ocrx_word' id='word_1_207' title='bbox 265 2460 377 2522; x_wconf 86' lang='lat' dir='ltr'>Eodem</span> <span class='ocrx_word' id='word_1_208' title='bbox 395 2480 471 2521; x_wconf 92' lang='lat' dir='ltr'>anno</span> <span class='ocrx_word' id='word_1_209' title='bbox 490 2461 676 2522; x_wconf 89' lang='lat' dir='ltr'>Ruminalem</span> <span class='ocrx_word' id='word_1_210' title='bbox 694 2461 829 2522; x_wconf 89' lang='lat' dir='ltr'>arborem</span> <span class='ocrx_word' id='word_1_211' title='bbox 849 2464 879 2521; x_wconf 95' lang='lat' dir='ltr'>in</span> <span class='ocrx_word' id='word_1_212' title='bbox 903 2465 1037 2543; x_wconf 86' lang='lat' dir='ltr'>comitio,</span> <span class='ocrx_word' id='word_1_213' title='bbox 1062 2483 1138 2542; x_wconf 91' lang='lat' dir='ltr'>quae</span> 
     </span>
     <span class='ocr_line' id='line_1_27' title="bbox 127 2550 1138 2630; baseline 0.002 -19"><span class='ocrx_word' id='word_1_214' title='bbox 127 2553 313 2629; x_wconf 89' lang='lat' dir='ltr'>octingentos</span> <span class='ocrx_word' id='word_1_215' title='bbox 328 2558 357 2612; x_wconf 89' lang='lat' dir='ltr'>et</span> <span class='ocrx_word' id='word_1_216' title='bbox 371 2552 492 2629; x_wconf 88' lang='lat' dir='ltr'>triginta</span> <span class='ocrx_word' id='word_1_217' title='bbox 506 2558 574 2611; x_wconf 90' lang='lat' dir='ltr'>ante</span> <span class='ocrx_word' id='word_1_218' title='bbox 589 2569 681 2612; x_wconf 92' lang='lat' dir='ltr'>anuos</span> <span class='ocrx_word' id='word_1_219' title='bbox 695 2551 780 2611; x_wconf 84' lang='lat' dir='ltr'>Remi</span> <span class='ocrx_word' id='word_1_220' title='bbox 794 2550 970 2630; x_wconf 88' lang='lat' dir='ltr'>Romulique</span> <span class='ocrx_word' id='word_1_221' title='bbox 984 2552 1138 2613; x_wconf 75' lang='lat' dir='ltr'>infantiam</span> 
     </span>
     <span class='ocr_line' id='line_1_28' title="bbox 128 2638 1139 2718; baseline 0.003 -19"><span class='ocrx_word' id='word_1_222' title='bbox 128 2647 254 2718; x_wconf 85' lang='lat' dir='ltr'>texerat,</span> <span class='ocrx_word' id='word_1_223' title='bbox 277 2642 403 2700; x_wconf 90' lang='lat' dir='ltr'>mortuis</span> <span class='ocrx_word' id='word_1_224' title='bbox 426 2639 585 2700; x_wconf 90' lang='lat' dir='ltr'>ramalibus</span> <span class='ocrx_word' id='word_1_225' title='bbox 609 2647 639 2700; x_wconf 88' lang='lat' dir='ltr'>et</span> <span class='ocrx_word' id='word_1_226' title='bbox 658 2647 810 2700; x_wconf 86' lang='lat' dir='ltr'>arescente</span> <span class='ocrx_word' id='word_1_227' title='bbox 830 2647 937 2700; x_wconf 92' lang='lat' dir='ltr'>trunco</span> <span class='ocrx_word' id='word_1_228' title='bbox 956 2638 1139 2702; x_wconf 88' lang='lat' dir='ltr'>deminutam</span> 
     </span>
     <span class='ocr_line' id='line_1_29' title="bbox 127 2727 1138 2807; baseline 0.005 -22"><span class='ocrx_word' id='word_1_229' title='bbox 127 2728 256 2804; x_wconf 92' lang='lat' dir='ltr'>prodigii</span> <span class='ocrx_word' id='word_1_230' title='bbox 274 2727 337 2787; x_wconf 92' lang='lat' dir='ltr'>loco</span> <span class='ocrx_word' id='word_1_231' title='bbox 352 2728 486 2789; x_wconf 89' lang='lat' dir='ltr'>habitum</span> <span class='ocrx_word' id='word_1_232' title='bbox 500 2736 558 2807; x_wconf 86' lang='lat' dir='ltr'>est,</span> <span class='ocrx_word' id='word_1_233' title='bbox 581 2727 674 2788; x_wconf 91' lang='lat' dir='ltr'>donec</span> <span class='ocrx_word' id='word_1_234' title='bbox 689 2730 718 2787; x_wconf 94' lang='lat' dir='ltr'>in</span> <span class='ocrx_word' id='word_1_235' title='bbox 733 2744 825 2787; x_wconf 86' lang='lat' dir='ltr'>novos</span> <span class='ocrx_word' id='word_1_236' title='bbox 839 2727 917 2788; x_wconf 84' lang='lat' dir='ltr'>letus</span> <span class='ocrx_word' id='word_1_237' title='bbox 932 2731 1138 2790; x_wconf 88' lang='lat' dir='ltr'>reviresceret.</span> 
     </span>
    </p>
   </div>
   <div class='ocr_carea' id='block_1_3' title="bbox 126 2859 1142 3552">
    <p class='ocr_par' dir='ltr' id='par_1_9' title="bbox 126 2859 1142 3552">
     <span class='ocr_line' id='line_1_30' title="bbox 198 2859 1138 2934; baseline 0.005 -21"><span class='ocrx_word' id='word_1_238' title='bbox 198 2861 243 2927; x_wconf 79' lang='grc'>56,</span> <span class='ocrx_word' id='word_1_239' title='bbox 264 2866 297 2914; x_wconf 87' lang='lat'>18</span> <span class='ocrx_word' id='word_1_240' title='bbox 315 2859 345 2913; x_wconf 85' lang='lat' dir='ltr'>in</span> <span class='ocrx_word' id='word_1_241' title='bbox 363 2861 420 2914; x_wconf 83' lang='lat' dir='ltr'>alio</span> <span class='ocrx_word' id='word_1_242' title='bbox 443 2865 447 2928; x_wconf 78' lang='lat' dir='ltr'>l</span> <span class='ocrx_word' id='word_1_243' title='bbox 472 2864 554 2916; x_wconf 81' lang='lat' dir='ltr'>erant</span> <span class='ocrx_word' id='word_1_244' title='bbox 577 2865 582 2931; x_wconf 89' lang='grc' dir='ltr'>Ι</span> <span class='ocrx_word' id='word_1_245' title='bbox 606 2862 651 2930; x_wconf 76' lang='grc'>57,</span> <span class='ocrx_word' id='word_1_246' title='bbox 672 2869 687 2916; x_wconf 81' lang='lat'>2</span> <span class='ocrx_word' id='word_1_247' title='bbox 707 2861 761 2916; x_wconf 84' lang='lat' dir='ltr'>sali</span> <span class='ocrx_word' id='word_1_248' title='bbox 778 2863 958 2934; x_wconf 73' lang='lat' dir='ltr'>Nipperdey!</span> <span class='ocrx_word' id='word_1_249' title='bbox 975 2870 990 2918; x_wconf 81' lang='grc'><strong>3</strong></span> <span class='ocrx_word' id='word_1_250' title='bbox 1009 2863 1138 2934; x_wconf 81' lang='lat' dir='ltr'>libidine,</span> 
     </span>
     <span class='ocr_line' id='line_1_31' title="bbox 126 2929 1140 3002; baseline 0.005 -18"><span class='ocrx_word' id='word_1_251' title='bbox 126 2947 174 2985; x_wconf 85' lang='lat' dir='ltr'>em.</span> <span class='ocrx_word' id='word_1_252' title='bbox 189 2929 339 2985; x_wconf 81' lang='lat' dir='ltr'>Rbeuouus</span> <span class='ocrx_word' id='word_1_253' title='bbox 355 2933 359 3000; x_wconf 80' lang='grc' dir='ltr'>Ι</span> <span class='ocrx_word' id='word_1_254' title='bbox 377 2939 392 2984; x_wconf 80' lang='lat' dir='ltr'>o</span> <span class='ocrx_word' id='word_1_255' title='bbox 407 2933 496 2986; x_wconf 81' lang='lat' dir='ltr'>selem</span> <span class='ocrx_word' id='word_1_256' title='bbox 507 2934 687 2989; x_wconf 83' lang='lat' dir='ltr'>Puteolanus:</span> <span class='ocrx_word' id='word_1_257' title='bbox 701 2933 771 2986; x_wconf 81' lang='lat' dir='ltr'>item</span> <span class='ocrx_word' id='word_1_258' title='bbox 787 2934 791 3002; x_wconf 92' lang='grc' dir='ltr'>Ι</span> <span class='ocrx_word' id='word_1_259' title='bbox 808 2935 987 3001; x_wconf 75' lang='lat' dir='ltr'>latescente,</span> <span class='ocrx_word' id='word_1_260' title='bbox 1003 2934 1052 2989; x_wconf 86' lang='lat' dir='ltr'>sed</span> <span class='ocrx_word' id='word_1_261' title='bbox 1063 2935 1140 2989; x_wconf 85' lang='lat' dir='ltr'>unda</span> 
     </span>
     <span class='ocr_line' id='line_1_32' title="bbox 128 3002 1139 3086; baseline 0.006 -32"><span class='ocrx_word' id='word_1_262' title='bbox 128 3017 210 3069; x_wconf 87' lang='lat' dir='ltr'>super</span> <span class='ocrx_word' id='word_1_263' title='bbox 229 3002 374 3056; x_wconf 82' lang='lat' dir='ltr'>Acidaiius</span> <span class='ocrx_word' id='word_1_264' title='bbox 389 3004 426 3070; x_wconf 78' lang='grc'>18</span> <span class='ocrx_word' id='word_1_265' title='bbox 446 3005 579 3070; x_wconf 71' lang='lat' dir='ltr'>arentem,</span> <span class='ocrx_word' id='word_1_266' title='bbox 605 3020 653 3058; x_wconf 84' lang='lat' dir='ltr'>eru.</span> <span class='ocrx_word' id='word_1_267' title='bbox 672 3002 842 3086; x_wconf 74' lang='lat' dir='ltr'>Rhenanus]</span> <span class='ocrx_word' id='word_1_268' title='bbox 859 3011 875 3060; x_wconf 84' lang='grc'>9</span> <span class='ocrx_word' id='word_1_269' title='bbox 895 3004 1036 3060; x_wconf 79' lang='lat' dir='ltr'>elimentis</span> <span class='ocrx_word' id='word_1_270' title='bbox 1053 3009 1058 3074; x_wconf 89' lang='grc'>1</span> <span class='ocrx_word' id='word_1_271' title='bbox 1074 3023 1139 3062; x_wconf 89' lang='lat' dir='ltr'>con-</span> 
     </span>
     <span class='ocr_line' id='line_1_33' title="bbox 126 3071 1140 3145; baseline 0.006 -21"><span class='ocrx_word' id='word_1_272' title='bbox 126 3072 217 3138; x_wconf 81' lang='lat' dir='ltr'>creta,</span> <span class='ocrx_word' id='word_1_273' title='bbox 244 3089 291 3126; x_wconf 82' lang='lat' dir='ltr'>eui.</span> <span class='ocrx_word' id='word_1_274' title='bbox 316 3071 431 3140; x_wconf 79' lang='lat' dir='ltr'>Lipsius</span> <span class='ocrx_word' id='word_1_275' title='bbox 456 3076 459 3141; x_wconf 92' lang='grc' dir='ltr'>Ι</span> <span class='ocrx_word' id='word_1_276' title='bbox 487 3080 519 3128; x_wconf 80' lang='lat'>12</span> <span class='ocrx_word' id='word_1_277' title='bbox 546 3072 610 3128; x_wconf 77' lang='lat' dir='ltr'>viru</span> <span class='ocrx_word' id='word_1_278' title='bbox 633 3073 784 3129; x_wconf 79' lang='lat' dir='ltr'>Daumius:</span> <span class='ocrx_word' id='word_1_279' title='bbox 813 3076 891 3130; x_wconf 81' lang='lat' dir='ltr'>motu</span> <span class='ocrx_word' id='word_1_280' title='bbox 915 3077 920 3145; x_wconf 92' lang='grc' dir='ltr'>Ι</span> <span class='ocrx_word' id='word_1_281' title='bbox 946 3083 978 3130; x_wconf 85' lang='grc'>13</span> <span class='ocrx_word' id='word_1_282' title='bbox 1001 3075 1140 3131; x_wconf 88' lang='lat' dir='ltr'>Ubiorum</span> 
     </span>
     <span class='ocr_line' id='line_1_34' title="bbox 127 3141 1140 3218; baseline 0.005 -22"><span class='ocrx_word' id='word_1_283' title='bbox 127 3142 272 3197; x_wconf 82' lang='lat' dir='ltr'>Heinsius:</span> <span class='ocrx_word' id='word_1_284' title='bbox 296 3141 430 3196; x_wconf 91' lang='lat' dir='ltr'>nibonum</span> <span class='ocrx_word' id='word_1_285' title='bbox 445 3146 450 3213; x_wconf 83' lang='lat'><em>1</em></span> <span class='ocrx_word' id='word_1_286' title='bbox 468 3150 500 3198; x_wconf 78' lang='lat'>17</span> <span class='ocrx_word' id='word_1_287' title='bbox 519 3160 576 3197; x_wconf 93' lang='lat' dir='ltr'>non</span> <span class='ocrx_word' id='word_1_288' title='bbox 596 3145 730 3200; x_wconf 83' lang='lat' dir='ltr'>Picbeua:</span> <span class='ocrx_word' id='word_1_289' title='bbox 758 3161 815 3199; x_wconf 90' lang='lat' dir='ltr'>non</span> <span class='ocrx_word' id='word_1_290' title='bbox 838 3145 882 3218; x_wconf 78' lang='lat' dir='ltr'>sil</span> <span class='ocrx_word' id='word_1_291' title='bbox 900 3153 933 3201; x_wconf 90' lang='lat'>18</span> <span class='ocrx_word' id='word_1_292' title='bbox 951 3147 1140 3215; x_wconf 82' lang='lat' dir='ltr'>remediorum</span> 
     </span>
     <span class='ocr_line' id='line_1_35' title="bbox 126 3211 1140 3286; baseline 0.008 -21"><span class='ocrx_word' id='word_1_293' title='bbox 126 3212 229 3267; x_wconf 82' lang='lat' dir='ltr'>Ritter:</span> <span class='ocrx_word' id='word_1_294' title='bbox 252 3211 376 3267; x_wconf 87' lang='lat' dir='ltr'>remedio</span> <span class='ocrx_word' id='word_1_295' title='bbox 396 3213 523 3282; x_wconf 86' lang='lat' dir='ltr'>(remedii</span> <span class='ocrx_word' id='word_1_296' title='bbox 541 3217 588 3283; x_wconf 85' lang='lat' dir='ltr'>ai.)</span> <span class='ocrx_word' id='word_1_297' title='bbox 608 3217 642 3283; x_wconf 78' lang='lat' dir='ltr'>cf.</span> <span class='ocrx_word' id='word_1_298' title='bbox 662 3216 700 3270; x_wconf 86' lang='lat' dir='ltr'>ad</span> <span class='ocrx_word' id='word_1_299' title='bbox 719 3219 822 3283; x_wconf 62' lang='lat' dir='ltr'>resa,</span> <span class='ocrx_word' id='word_1_300' title='bbox 837 3221 872 3272; x_wconf 82' lang='lat'>15</span> <span class='ocrx_word' id='word_1_301' title='bbox 897 3221 902 3284; x_wconf 90' lang='grc' dir='ltr'>Ι</span> <span class='ocrx_word' id='word_1_302' title='bbox 928 3218 1048 3286; x_wconf 83' lang='lat' dir='ltr'>agrestis</span> <span class='ocrx_word' id='word_1_303' title='bbox 1075 3223 1079 3286; x_wconf 91' lang='grc' dir='ltr'>Ι</span> <span class='ocrx_word' id='word_1_304' title='bbox 1107 3225 1140 3273; x_wconf 83' lang='grc'>19</span> 
     </span>
     <span class='ocr_line' id='line_1_36' title="bbox 126 3281 1141 3358; baseline 0.008 -22"><span class='ocrx_word' id='word_1_305' title='bbox 126 3281 315 3337; x_wconf 80' lang='lat' dir='ltr'>residentibus</span> <span class='ocrx_word' id='word_1_306' title='bbox 343 3284 379 3338; x_wconf 82' lang='lat' dir='ltr'>oi.</span> <span class='ocrx_word' id='word_1_307' title='bbox 405 3288 409 3350; x_wconf 89' lang='grc' dir='ltr'>Ι</span> <span class='ocrx_word' id='word_1_308' title='bbox 435 3290 468 3338; x_wconf 78' lang='lat'>21</span> <span class='ocrx_word' id='word_1_309' title='bbox 497 3284 618 3352; x_wconf 79' lang='lat' dir='ltr'>direpte,</span> <span class='ocrx_word' id='word_1_310' title='bbox 647 3303 694 3340; x_wconf 85' lang='lat' dir='ltr'>em.</span> <span class='ocrx_word' id='word_1_311' title='bbox 714 3287 847 3357; x_wconf 81' lang='lat' dir='ltr'>Aprieoio</span> <span class='ocrx_word' id='word_1_312' title='bbox 871 3290 875 3354; x_wconf 95' lang='grc' dir='ltr'>Ι</span> <span class='ocrx_word' id='word_1_313' title='bbox 900 3291 933 3341; x_wconf 78' lang='lat'>21</span> <span class='ocrx_word' id='word_1_314' title='bbox 960 3287 1064 3357; x_wconf 81' lang='lat' dir='ltr'>mugis-</span> <span class='ocrx_word' id='word_1_315' title='bbox 1076 3296 1141 3358; x_wconf 87' lang='lat' dir='ltr'>post</span> 
     </span>
     <span class='ocr_line' id='line_1_37' title="bbox 126 3354 1140 3427; baseline 0.009 -22"><span class='ocrx_word' id='word_1_316' title='bbox 126 3355 233 3421; x_wconf 77' lang='lat' dir='ltr'>quanto</span> <span class='ocrx_word' id='word_1_317' title='bbox 252 3354 301 3409; x_wconf 84' lang='lat' dir='ltr'>dei.</span> <span class='ocrx_word' id='word_1_318' title='bbox 317 3354 464 3410; x_wconf 82' lang='lat' dir='ltr'>Aeidolius</span> <span class='ocrx_word' id='word_1_319' title='bbox 481 3371 514 3408; x_wconf 84' lang='lat' dir='ltr'>eu</span> <span class='ocrx_word' id='word_1_320' title='bbox 532 3357 643 3426; x_wconf 81' lang='lat' dir='ltr'>culpari</span> <span class='ocrx_word' id='word_1_321' title='bbox 659 3357 750 3411; x_wconf 83' lang='lat' dir='ltr'>Taciti</span> <span class='ocrx_word' id='word_1_322' title='bbox 763 3374 816 3413; x_wconf 85' lang='lat' dir='ltr'>usu</span> <span class='ocrx_word' id='word_1_323' title='bbox 831 3359 836 3426; x_wconf 83' lang='grc' dir='ltr'>Ι</span> <span class='ocrx_word' id='word_1_324' title='bbox 851 3357 896 3425; x_wconf 80' lang='grc'>58,</span> <span class='ocrx_word' id='word_1_325' title='bbox 913 3363 928 3412; x_wconf 82' lang='lat'><strong>2</strong></span> <span class='ocrx_word' id='word_1_326' title='bbox 943 3373 973 3412; x_wconf 87' lang='lat' dir='ltr'>se</span> <span class='ocrx_word' id='word_1_327' title='bbox 994 3356 1140 3427; x_wconf 82' lang='lat' dir='ltr'>tingentes</span> 
     </span>
     <span class='ocr_line' id='line_1_38' title="bbox 128 3423 1142 3548; baseline 0.009 -71"><span class='ocrx_word' id='word_1_328' title='bbox 128 3423 277 3548; x_wconf 54' lang='lat' dir='ltr'>lbtqlitginta</span> <span class='ocrx_word' id='word_1_329' title='bbox 303 3424 430 3494; x_wconf 79' lang='lat' dir='ltr'>Lipsius:</span> <span class='ocrx_word' id='word_1_330' title='bbox 459 3424 648 3495; x_wconf 72' lang='lat' dir='ltr'>quadraginta</span> <span class='ocrx_word' id='word_1_331' title='bbox 674 3428 770 3496; x_wconf 46' lang='lat' dir='ltr'>(afflue</span> <span class='ocrx_word' id='word_1_332' title='bbox 797 3424 917 3492; x_wconf 50' lang='lat' dir='ltr'>&amp;ginta</span> <span class='ocrx_word' id='word_1_333' title='bbox 973 3430 1086 3500; x_wconf 70' lang='lat' dir='ltr'>uentus)</span> <span class='ocrx_word' id='word_1_334' title='bbox 1104 3434 1142 3500; x_wconf 71' lang='lat' dir='ltr'>lt</span> 
     </span>
     <span class='ocr_line' id='line_1_39' title="bbox 126 3496 345 3552; baseline 0.018 -5"><span class='ocrx_word' id='word_1_335' title='bbox 126 3510 145 3547; x_wconf 83' lang='lat' dir='ltr'>a</span> <span class='ocrx_word' id='word_1_336' title='bbox 187 3496 256 3548; x_wconf 82' lang='lat' dir='ltr'>&#39;nm</span> <span class='ocrx_word' id='word_1_337' title='bbox 276 3501 291 3549; x_wconf 87' lang='lat'><strong><em>1</em></strong></span> <span class='ocrx_word' id='word_1_338' title='bbox 311 3513 345 3552; x_wconf 85' lang='lat' dir='ltr'>ut.</span> 
     </span>
    </p>
   </div>
   <div class='ocr_carea' id='block_1_4' title="bbox 0 0 1203 3876">
    <p class='ocr_par' dir='ltr' id='par_1_10' title="bbox 0 0 1203 3876">
     <span class='ocr_line' id='line_1_40' title="bbox 0 0 1203 3876; baseline 0 0"><span class='ocrx_word' id='word_1_339' title='bbox 0 0 1203 3876; x_wconf 95' lang='lat' dir='ltr'> </span> 
     </span>
    </p>
   </div>
  </div>
 </body>
</html>
