2392 3876
291 223 340 279 AB
358 224 519 282 Excussi]
535 224 693 281 audeaut
710 227 745 281 Π.
763 232 877 282 33-36.
1043 225 1086 290 59

79 375 203 455 pererit,
215 375 247 436 iu
261 373 381 435 domum
395 373 528 435 Caesaris
542 381 644 453 spreto
657 373 765 435 Pisone
778 382 877 455 reeta,
894 381 947 435 ant
959 371 1009 434 ille
1023 371 1088 434 aba·
1102 387 1128 429 to

80 464 184 544 cessit,
200 479 380 542 quamquam
393 461 526 540 dugann
536 480 572 523 se
585 461 689 523 riehri
704 471 733 523 et
746 465 883 524 mrm'arui
902 468 1087 542 quereretur.
1170 516 1173 521 .

80 551 218 613 Tiberina
232 550 376 612 haetenus
390 550 544 628 indulgere
558 553 647 612 matri
660 551 746 611 eivile
759 559 855 630 ratus,
877 558 911 612 ut
929 568 962 610 se
976 553 1089 611 ituram

79 640 116 701 ad
128 641 278 719 pomaria
287 637 434 718 tribamal,
452 638 624 700 adiuturum
639 637 815 717 Urgulaniae
828 639 956 718 dmeret,
969 655 1088 717 prooes-

81 730 120 788 sit
133 726 256 808 Palatio,
273 726 381 806 moeni
399 728 484 805 sequi
494 728 589 788 iussis
602 727 754 788 militibus.
783 726 972 805 spectabatur
986 742 1089 788 oecur-

80 824 164 878 aante
180 815 297 895 opopulo
320 817 501 894 compositus
523 830 577 875 ore
599 823 630 875 et
653 815 840 876 sermonibus
863 816 952 875 variis
972 822 1089 893 mmpns
1103 826 1129 869 ιο

80 913 168 984 atquae
182 906 240 964 iter
254 904 376 984 dueens,
390 903 484 965 donee
498 904 674 982 propinquis
683 902 820 964 Pisonem
830 903 941 963 trustra
950 907 1088 963 camaen-

79 992 160 1054 tibus
175 991 284 1052 deferri
298 993 430 1070 Augusta
444 994 613 1072 pecuniam,
624 1009 704 1071 quae
717 990 883 1071 petebamr,
897 989 1023 1052 meet
1049 991 1089 1051 ia·

80 1099 139 1160 que
153 1081 225 1140 tinis
243 1082 301 1160 rei,
319 1098 356 1140 ex
375 1098 433 1160 qna
451 1097 549 1159 neque
563 1080 632 1141 Piso
650 1079 795 1158 inglorius
813 1079 964 1140 etdeesar
978 1079 1089 1140 maiore

80 1171 156 1230 lama
173 1169 238 1230 terit
271 1175 405 1230 aeterum
423 1167 601 1248 Urgulaniae
615 1171 750 1248 potentia
769 1168 843 1230 adeo
861 1169 956 1229 ninia
977 1167 1090 1228 oiuitati

79 1265 153 1339 erat,
162 1265 200 1319 nt
212 1259 299 1318 tertis
312 1259 345 1318 in
359 1275 447 1319 eausa
461 1258 599 1338 quadam,
615 1274 690 1336 qnae
704 1257 782 1336 apud
797 1264 932 1318 atomum
945 1255 1089 1317 traataha·
1103 1269 1129 1310 to

80 1355 142 1426 tur,
154 1347 258 1407 venire
273 1344 497 1422 dedignaretur:
515 1347 626 1406 muana
638 1353 685 1405 est
695 1354 826 1423 praetor,
840 1345 986 1424 qnidomi
996 1346 1090 1405 inten

80 1441 213 1513 rogaret,
226 1450 297 1493 eum
310 1434 441 1509 virgines
454 1430 586 1492 Vestales
601 1434 633 1491 in
646 1432 712 1491 toro
725 1442 756 1492 et
769 1431 879 1493 iadieio
893 1432 1004 1511 audiri,
1018 1444 1089 1510 qne·

80 1523 159 1581 tiens
172 1521 377 1581 testimonium
391 1518 538 1597 dicerent,
552 1526 638 1579 vetus
652 1536 717 1579 mos
731 1520 830 1579 tuerit.

147 1603 199 1668 35.
217 1606 277 1666 lies
291 1623 326 1666 eo
340 1623 417 1666 eme
431 1605 560 1684 prelatas
577 1605 656 1667 hand
676 1606 832 1686 referrem,
850 1608 884 1667 ni
900 1608 1031 1684 predum
1046 1607 1090 1667 le-

81 1702 128 1755 ret
142 1693 194 1754 Cn.
207 1693 324 1754 Pisonis
337 1703 368 1755 et
381 1694 477 1754 Asinii
490 1692 565 1754 Galli
575 1711 671 1773 snper
684 1712 719 1754 eo
737 1696 856 1772 negotio
875 1694 1006 1755 diversas
1025 1708 1089 1755 son·

81 1784 189 1844 tentiae
203 1799 335 1842 numere.
358 1781 436 1864 Piso,
450 1799 628 1862 quamquam
642 1783 794 1844 afuturum
809 1801 841 1844 se
850 1783 965 1844 dixerat
974 1781 1090 1861 Caesar,

79 1871 119 1933 oie
136 1871 168 1932 id
185 1871 280 1950 magis
299 1870 427 1948 agendas
445 1870 597 1951 manebat,
616 1879 650 1933 ut
668 1871 791 1932 absente
804 1873 939 1951 prinnina
952 1877 1090 1932 senatun

79 1968 110 2021 et
128 1960 245 2038 equites
263 1975 351 2036 posse
370 1977 424 2019 sue
442 1961 543 2020 munia
562 1961 710 2021 sustinere
728 1960 871 2021 decorum
888 1961 933 2020 rei
950 1957 1116 2038 poeticae

79 2050 163 2110 leret
192 2045 305 2127 aulus,
324 2049 392 2126 quia
406 2049 537 2126 speeiem
550 2043 696 2110 libertatis
709 2047 778 2109 Piso
791 2055 996 2127 praeeeperat,
1015 2046 1091 2108 nihil

79 2139 151 2198 satis
168 2134 297 2196 mnatre
319 2142 371 2196 aut
389 2153 426 2196 ea
444 2135 587 2214 dignitate
605 2135 709 2215 populi
722 2135 847 2197 Romani
864 2138 923 2197 nisi
941 2154 1041 2196 eoram
1059 2144 1089 2195 et

79 2225 135 2286 sub
157 2222 253 2285 oeulis
271 2222 419 2303 Caesaris,
441 2241 536 2302 eoque
559 2232 736 2286 conventum
755 2223 856 2286 ltaliae
877 2232 909 2285 et
931 2223 1089 2285 adfluentis

79 2313 246 2392 provinciae
266 2309 451 2390 praesentiae
470 2314 534 2372 eins
553 2312 835 2374 servandadicelrat.
862 2312 1001 2374 audiente
1015 2311 1088 2372 haee

78 2401 198 2462 'liberio
212 2417 247 2461 ae
259 2399 366 2460 silente
380 2401 494 2478 magnis
509 2401 662 2479 utrimque
681 2399 921 2462 contentionibus
939 2408 1017 2480 aeta,
1035 2399 1088 2460 sed
1103 2413 1130 2454 ιο

78 2507 127 2550 rea
139 2488 256 2550 dilatae.

145 2574 197 2639 36.
218 2575 259 2638 Et
276 2573 426 2638 certamen
445 2573 526 2636 Galle
544 2575 687 2637 aduersus
705 2575 862 2638 Caesarem
880 2582 1016 2636 eaortnm
1034 2582 1088 2636 eat.

80 2682 148 2726 nam
162 2665 279 2725 cenauit
292 2665 324 2725 in
334 2665 571 2742 quinquennium
580 2666 807 2742 magistratuum
817 2665 936 2725 comitia
945 2661 1088 2744 habenda,

79 2761 172 2831 utque
186 2751 336 2829 legionum
349 2751 450 2832 legati,
468 2753 603 2830 quiante
622 2759 793 2830 praeturam
811 2771 846 2813 ea
859 2750 968 2812 militia
986 2751 1088 2830 anga-

78 2839 201 2918 bantur,
214 2841 273 2901 iam
285 2847 350 2901 tum
364 2847 517 2917 praetores
531 2838 765 2920 destinarentur,
778 2842 917 2920 princepe
932 2839 1089 2901 duodecim

78 2927 250 2990 candidatae
265 2929 300 2990 in
315 2945 410 2989 annos
429 2926 561 3005 singulos
578 2929 753 2988 nominaret
785 2927 864 2989 haud
882 2927 1006 2989 dubium
1024 2934 1115 2989 erate

78 3034 143 3078 eam
161 3017 338 3078 sententiam
355 3015 444 3076 altius
462 3022 619 3094 pendeam
637 3023 668 3076 et
685 3030 793 3077 aroana
809 3017 928 3094 imperii
941 3017 1087 3094 temptari.

78 3104 216 3168 Tiberius
239 3111 351 3183 maen,
379 3104 464 3181 quasi
485 3109 647 3180 angeretur
669 3111 800 3182 pensan
828 3106 906 3184 eius,
934 3103 1088 3164 disseruit:

76 3210 166 3272 grave
178 3191 375 3254 moderationi
389 3207 459 3252 suae
479 3199 522 3252 tet
541 3191 664 3271 eligere,
681 3199 726 3253 tot
744 3192 871 3254 differre.
899 3193 948 3252 vix
960 3209 1015 3268 per
1029 3192 1088 3250 sin·

78 3280 162 3360 gulos
181 3292 274 3342 anes
292 3279 469 3342 offensiones
488 3281 587 3359 vitari,
606 3282 741 3358 quamvis
760 3279 909 3359 meabant
920 3279 1088 3357 propinqua

148 3484 196 3554 84,
215 3491 249 3541 10
265 3483 330 3553 illi!
347 3482 486 3552 abscindi,
504 3493 559 3541 ‘ena
579 3483 644 3540 Jae.
664 3483 748 3540 Gran.
766 3480 891 3550 (amana
908 3483 971 3551 alia)
986 3486 990 3552 Ι
1006 3479 1052 3549 85,
1071 3487 1089 3536 t

76 3556 122 3627 at]
141 3555 218 3624 quod
239 3555 438 3624 Wa'arenborn,
457 3557 486 3610 et
505 3598 511 3612 .
531 3597 537 3610 .
556 3553 617 3631 tore
636 3554 696 3610 Jae.
716 3553 872 3610 &marina

10 3748 154 3855 Q
