2392 3876
210 213 218 225 ·
284 197 332 251 AB
351 194 512 250 excussu
529 193 686 249 AUGUSTI
703 193 750 248 lv.
769 197 882 249 rc-ec.
1015 189 1078 252 149

71 357 117 408 tra
140 346 323 425 palarentur,
351 352 432 405 tanto
460 344 606 403 inlensins
629 344 720 422 caesi,
751 348 860 420 quanto
887 339 1027 419 perfugae
1051 345 1120 397 et15

71 436 238 515 proditores
253 435 331 494 lerre
346 451 426 493 arma
442 432 478 492 ad
497 448 585 493 suum
604 431 776 509 patriaeque
794 430 948 490 servitium
965 429 1080 501 incusa-

71 524 187 584 bantur.
939 572 943 579 .

137 609 189 672 49.
213 610 335 671 Postera
354 610 402 671 die
417 608 546 669 Sabinus
564 609 728 668 exercitum
748 623 842 684 aequo
859 604 925 665 loco
944 603 1082 682 ostendit,

72 702 98 760 si
113 699 232 761 barbari
245 716 387 760 successu
397 699 494 758 noctis
502 696 614 757 alacres
624 694 771 775 proelium
780 693 932 754 auderent.
960 700 990 752 et
1003 699 1082 770 post-

72 807 161 867 quam
174 787 295 848 castello
311 794 362 847 aut
375 786 543 846 coniunctis
557 783 679 844 tumulis
692 800 751 844 non
762 780 1018 860 degrediebantur,
1032 778 1082 838 ob-

72 877 182 938 sidium
196 877 294 953 coepit
308 892 362 951 per
380 873 540 952 praesidia,
561 882 636 951 quae
655 877 821 950 opportune
842 871 900 930 iam
918 866 1083 947 muniebat3

73 966 143 1024 dein
166 963 275 1023 fossam
298 962 479 1040 loricamque
497 967 657 1022 contexens
676 966 816 1038 quattuor
838 957 919 1019 milia
941 969 1110 1036 passuumo

74 1051 186 1130 ambitu
201 1049 352 1128 amplexus
371 1057 430 1124 est;
453 1057 517 1109 tum
535 1047 689 1129 paulatim,
707 1055 742 1108 ut
760 1065 865 1127 aquam
883 1044 1084 1124 pabulumque

75 1141 216 1219 eriperet,
236 1138 411 1199 contrahere
422 1136 560 1199 claustra
578 1144 701 1215 artaque
720 1135 918 1215 circumdare3
941 1141 978 1203 et
990 1140 1085 1194 strue-

73 1227 161 1289 batur
184 1245 289 1309 agger,
317 1227 395 1287 unde
424 1243 493 1286 saxa
519 1226 620 1285 hastae
642 1226 726 1303 ignes
748 1225 950 1302 propinquum
972 1225 1031 1282 iam
1053 1222 1085 1281 in

73 1316 190 1376 bostem
204 1311 389 1376 iacerentur(
410 1313 462 1374 sed
477 1313 551 1374 nihil
565 1330 658 1391 aeque
673 1329 762 1389 quam
775 1313 841 1371 sitis
855 1310 1002 1390 fatigabat,
1016 1327 1085 1370 cum

75 1406 180 1480 ingens
193 1402 353 1463 multitudo
367 1401 542 1463 bellatorum
555 1399 710 1460 inbellium
724 1417 783 1459 uno
797 1398 912 1477 reliquo
928 1400 1007 1458 fonte
1021 1406 1085 1458 ute·
1100 1412 1126 1452 1⁰

76 1497 195 1569 rentur3
210 1489 298 1549 simul
308 1492 380 1568 equi
388 1495 529 1568 armenta,
542 1495 576 1548 ut
585 1504 650 1548 mos
659 1486 803 1566 barbaris,
812 1489 894 1547 iuxta
903 1486 1011 1565 clausa,
1022 1503 1086 1563 ege-

77 1585 152 1639 state
163 1577 264 1656 pabuli
274 1579 448 1656 exanimari,
458 1576 592 1658 adiacere
601 1593 726 1654 corpora
735 1573 897 1654 bominum,
906 1573 1087 1653 quosvulne-

76 1684 118 1746 ra,
134 1684 208 1744 quos
223 1667 289 1725 sitis
302 1672 484 1744 peremerat3
497 1663 591 1742 pollui
604 1671 711 1724 cuncta
721 1664 811 1742 sanie,
826 1662 925 1742 odore,
940 1669 1087 1723 contactu.

143 1750 195 1816 50.
218 1752 380 1832 Rebusque
400 1752 528 1814 turbatis
550 1752 661 1813 malum
681 1759 847 1812 extremum
870 1751 1018 1812 discordia
1041 1769 1087 1811 ac·

76 1844 176 1923 cessit,
195 1842 242 1902 bis
257 1842 447 1923 deditionem,
468 1841 533 1902 aliis
547 1848 674 1902 mortem
689 1847 719 1902 et
731 1847 853 1900 mutuos
870 1842 949 1900 inter
964 1858 996 1899 se
1010 1843 1087 1900 ictus

74 1929 262 2011 parantibus,
285 1937 316 1990 ct
334 1939 418 1991 erant
437 1932 489 2009 qui
507 1927 569 1991 non
585 1929 713 1990 inultum
730 1921 869 2008 exitium,
887 1929 939 1989 sed
959 1931 1087 2007 eruptio-

75 2038 143 2080 nem
162 2019 330 2081 suaderent.
367 2037 465 2097 neque
483 2017 629 2096 ignobiles
647 2025 762 2079 tantum
780 2018 827 2078 his
845 2017 956 2078 diversi
970 2025 1087 2077 senten-

41 2118 44 2122 ·
74 2110 138 2188 tiis,
166 2125 311 2168 verume
337 2107 464 2169 ducibus
486 2106 582 2188 llinis,
612 2113 771 2186 provectus
799 2114 917 2167 senecta
941 2115 985 2166 et‘
999 2105 1113 2184 longos

75 2213 133 2255 usu
147 2197 206 2256 rim
221 2203 309 2275 atque
324 2195 511 2257 clementiam
523 2195 686 2256 Romanam
696 2195 832 2274 edoctus,
846 2194 983 2273 ponenda
997 2213 1088 2274 arma,

76 2300 169 2344 unum
188 2283 314 2344 adflictis
334 2284 363 2344 id
384 2283 549 2345 remedium
567 2282 749 2364 disserebat,
772 2285 947 2362 primusque
967 2301 999 2343 se
1019 2301 1088 2344 cum

76 2373 202 2449 coniuge
221 2379 252 2433 et
265 2371 367 2433 liberis
382 2374 489 2432 victori
502 2374 652 2450 permisit:
670 2373 768 2432 secuti
781 2378 876 2432 aetate
891 2379 942 2431 aut
956 2389 1030 2432 sexu
1043 2373 1087 2431 in-

75 2458 176 2520 becilli
194 2467 225 2520 et
243 2459 352 2539 quibus
369 2462 464 2521 maior
479 2461 555 2519 vitae
570 2477 658 2538 qnam
672 2458 783 2536 gloriae
798 2459 915 2537 cupido.
943 2467 972 2519 at
985 2461 1087 2519 iuven·

76 2556 126 2609 tus
145 2547 267 2607 Tarsam
284 2550 364 2607 inter
378 2554 408 2607 et
421 2545 559 2606 Turesim
573 2545 801 2608 distrahebatur.
825 2549 945 2625 utrique
960 2546 1086 2606 destina·
1102 2561 1129 2600 ιο

76 2644 141 2696 tum
161 2652 229 2694 cum
247 2633 384 2694 libertate
398 2633 550 2714 occidere,
569 2633 621 2694 sed
635 2633 725 2695 Tarsa
740 2633 901 2712 properum
915 2634 1019 2715 linem,
1038 2634 1087 2695 ab·

76 2721 257 2798 rumpendas
272 2722 384 2800 pariter
400 2739 468 2800 spes
483 2739 517 2782 ac
532 2728 629 2782 metus
643 2721 809 2802 clamitans,
824 2721 906 2782 dedit
919 2723 1087 2803 exemplum

77 2809 208 2869 demisso
230 2810 262 2870 in
279 2816 386 2888 pectus
405 2809 499 2890 lerro;
522 2827 578 2871 nec
597 2809 718 2871 deluere
738 2811 790 2888 qui
808 2809 912 2872 eodem
929 2813 1017 2873 modo
1037 2831 1086 2891 op-

75 2904 222 2978 peterent.
264 2896 387 2959 Turesis
411 2915 464 2958 sua
483 2916 552 2959 cum
571 2916 661 2958 manu
679 2905 798 2959 noctem
815 2903 984 2982 opperitur,
1008 2901 1085 2961 haud

75 2988 177 3047 nescio
192 2986 268 3047 duce
283 2993 402 3066 nostro;
416 2988 509 3066 igitur
522 2988 655 3048 firmatae
670 2989 812 3048 stationes
826 2988 1015 3052 densioribus
1025 2989 1084 3068 glo·
1101 3001 1126 3042 1⁵

74 3075 130 3137 bis.
164 3082 194 3136 et
212 3074 370 3154 ingruebat
389 3093 447 3137 nox
466 3074 567 3136 nimbo
586 3085 687 3156 atrox,
703 3076 858 3157 hostisque
877 3078 1004 3138 clamore
1024 3086 1086 3138 tur-

74 3163 158 3245 bido,
178 3164 264 3225 modo
283 3181 337 3243 per
356 3171 472 3225 vastum
491 3163 655 3246 silentium,
678 3167 808 3227 incertos
828 3164 999 3226 obsessores
1018 3165 1085 3224 effe·

145 3317 191 3384 49,
211 3323 228 3370 4
245 3315 433 3373 immuniebab
450 3315 636 3384 Fremitum,
664 3324 696 3372 ot
714 3323 758 3384 11,
778 3323 814 3372 19
839 3320 843 3385 Ι
867 3322 899 3371 11
920 3315 1004 3370 simul
1022 3317 1086 3384 equi

73 3388 189 3457 Idpcius
208 3390 259 3454 (vel
277 3386 439 3456 simulquelr
467 3385 550 3440 simul
568 3401 638 3454 eque
655 3388 720 3456 150,
739 3395 756 3441 4
774 3389 885 3440 tantum
903 3386 948 3441 his
968 3388 1087 3457 Madoiq

72 3458 253 3605 qqpoqqrqaff
263 3462 341 3529 548):
356 3455 484 3528 quemuis
501 3458 505 3530 Ι
523 3463 554 3511 11
568 3457 777 3527 properandum
790 3457 920 3528 thldefo,
937 3474 1087 3529 properum
