2392 3876
283 208 332 262 Ae
349 207 511 264 excussu
529 192 684 263 luccam
702 208 737 264 11.
755 214 869 265 ce-cc.
1037 209 1081 274 65

71 364 178 419 terent
196 360 241 419 vis
251 358 412 437 nationum,
426 359 521 417 virtus
531 357 640 418 ducum
651 359 682 418 in
692 372 800 438 aequm
814 365 860 418 set
868 356 1083 418 Maroboduum

72 449 152 525 regis
166 464 274 507 nomen
288 448 417 507 invisum
431 445 509 525 epud
523 445 690 527 populares,
705 446 872 506 Arminium
882 464 936 525 pro
945 445 1082 507 libertate

73 534 232 595 bellantem
246 535 328 594 levor
342 533 477 595 habebat.
1097 550 1124 590 to

138 620 189 684 45.
208 622 303 702 Igitur
316 641 376 683 non
389 623 476 683 modo
492 622 635 683 Cherusci
649 624 781 702 sociique
796 640 912 703 eorum,
932 630 1016 683 vetus
1030 624 1083 682 Ar-

72 713 157 772 minii
175 712 272 791 miles,
293 729 447 790 sumpsere
461 710 584 791 bellum,
604 711 656 772 sed
671 730 686 772 e
701 728 793 790 regno
808 713 896 771 etiam
910 708 1084 771 Marobodui

73 799 188 861 Suebae
208 808 324 880 gentes,
345 800 508 860 Semnones
527 804 560 860 tc
578 799 777 880 Langobardi,
796 799 933 860 defecere
952 798 1083 859 adeum.

71 888 182 968 quibus
196 889 304 948 additis
318 888 530 969 praepollebat,
546 889 576 948 ni
590 887 795 967 Inguiomerus
809 906 878 948 cum
892 906 981 949 manu
995 885 1088 965 elien-3

73 979 148 1036 tium
158 976 195 1037 ed
205 976 419 1037 Maroboduum
428 977 618 1058 perfugisset,
633 995 693 1037 non
703 976 788 1037 allam
798 975 836 1036 ob
853 994 981 1056 causam,
996 992 1111 1055 quamn

74 1066 143 1144 quia
165 1064 267 1125 fratris
289 1065 349 1124 lilio
368 1067 467 1126 iuveni
485 1074 609 1145 patruus
628 1084 718 1126 senex
737 1084 843 1144 parere
861 1064 1084 1144 dedignabatur.

74 1154 252 1231 deriguntur
266 1156 358 1233 acies,
372 1155 438 1232 pari
451 1156 602 1234 utrimuue
617 1172 682 1234 spe,
701 1172 770 1235 nec,
789 1162 823 1214 ut
837 1152 907 1214 olim
921 1153 998 1233 apud
1014 1153 1085 1213 Ger-

73 1260 189 1322 manos,
211 1244 292 1320 vagis
313 1242 484 1303 incursibus
506 1250 557 1302 aut
580 1242 718 1303 disiectas
737 1260 792 1321 per
811 1251 960 1303 catervasz'
975 1243 1084 1321 quippe

73 1331 160 1408 longa
174 1330 331 1391 adversum
345 1348 399 1390 nos
413 1330 519 1390 militia
531 1332 723 1391 insueverant
738 1333 824 1409 sequi
838 1333 929 1410 signa,
944 1329 1085 1390 subsidiis

74 1420 199 1496 firmari,
218 1419 297 1478 dicta
310 1420 523 1495 imperatorum
537 1420 681 1496 accipere.
709 1437 743 1479 ac
757 1427 829 1478 tunc
844 1418 993 1478 Arminius
1008 1436 1085 1498 equo
1100 1435 1126 1473 ιο

74 1505 263 1565 conlustrans
282 1511 402 1583 cuncta,
426 1512 459 1564 ut
478 1523 612 1584 quosque
631 1506 771 1566 advectus
790 1513 866 1586 crat,
890 1508 1086 1584 reciperatam

76 1593 259 1672 libertatem,
287 1593 448 1652 trucidatas
477 1592 624 1673 legiones,
649 1593 741 1671 spolia
769 1592 865 1654 adhuc
893 1601 923 1653 et
950 1593 1007 1653 tela
1030 1593 1086 1653 lio-

75 1683 170 1742 manis
189 1681 311 1759 derepta
330 1683 361 1739 in
379 1681 515 1742 manibus
533 1680 694 1742 multorum
713 1681 893 1762 ostentabat3
917 1690 1020 1742 contra
1043 1682 1087 1742 fu-

75 1787 177 1848 gacem
200 1768 414 1830 Maroboduum
437 1769 600 1852 appellans,
622 1769 804 1849 proeliorum
828 1778 992 1850 expertem,
1015 1768 1087 1829 ller-

76 1860 178 1937 cyniae
202 1857 323 1918 latebris
347 1858 516 1939 delensum3
543 1877 577 1919 ao
604 1876 672 1919 mox
695 1877 750 1938 per
772 1859 849 1919 done
872 1865 902 1918 et
924 1858 1086 1937 legationes
1101 1873 1127 1914 15

75 1949 215 2026 petivisse
243 1946 362 2026 loedus,
390 1946 573 2024 proditorem
600 1949 727 2028 patriae,
758 1947 914 2025 satellitem
944 1946 1092 2027 Caesaris,

75 2034 153 2096 haud
167 2038 266 2096 minus
280 2034 404 2095 infensis
419 2037 523 2095 animis
538 2035 764 2116 exturbandum,
779 2034 985 2115 quamverum
996 2035 1086 2106 Quin·

75 2124 172 2184 tilium
186 2123 399 2184 interfecerint.
427 2125 630 2185 meminissent
644 2123 731 2184 modo
746 2131 790 2184 tot
804 2122 999 2203 proeliorum,
1015 2142 1086 2203 quo·

75 2229 144 2272 rum
158 2221 265 2272 eventu
280 2212 358 2272 etad
373 2220 557 2289 postremum
567 2215 670 2274 eiectis
680 2211 820 2274 Romanis
835 2214 906 2273 setis
919 2213 1087 2293 probatum,

76 2318 168 2379 penes
182 2308 266 2383 utros
281 2318 395 2361 summa
409 2300 479 2360 belli
493 2302 591 2362 luerit.
620 2313 622 2317 ’
1102 2317 1128 2356 m

142 2385 194 2450 46.
213 2387 316 2468 Neque
335 2388 533 2450 Maroboduus
556 2391 694 2450 iactantia
714 2390 761 2449 sui
779 2397 830 2451 aut
848 2388 967 2468 probris
986 2391 1016 2449 in
1036 2389 1087 2449 ho-

76 2485 153 2538 stem
176 2476 355 2556 abstinebat,
383 2477 434 2538 sed
462 2476 684 2556 Inguiomerum
706 2485 818 2559 tenens
835 2478 884 2537 illo
907 2479 939 2537 in
963 2495 1087 2556 corpore

77 2566 168 2626 decus
192 2583 279 2626 omne
302 2565 534 2645 Cheruscorum,
557 2565 636 2626 illius
659 2566 792 2626 consiliis
815 2573 897 2645 gesta
922 2584 997 2644 quae
1020 2582 1088 2643 pro·

50 2649 53 2656 ’
76 2672 164 2732 spere
184 2654 347 2714 ceciderint
365 2653 541 2714 testabatur:
562 2654 735 2714 vaecordem
753 2655 918 2715 Arminium
938 2662 968 2714 et
986 2666 1086 2713 rerum

78 2742 214 2819 nescium
227 2742 351 2800 alienam
370 2740 493 2818 gloriam
511 2744 541 2801 in
561 2760 593 2802 se
611 2741 743 2822 trahere,
763 2744 901 2822 quoniam
920 2748 982 2802 tres
1000 2759 1114 2821 vagasn

78 2828 210 2905 legiones
225 2837 254 2888 et
269 2828 375 2888 ducem
389 2829 501 2890 lraudis
514 2831 650 2908 ignarum
664 2831 787 2909 perfidia
801 2831 965 2911 deceperit,
984 2849 1088 2909 magna

35 2951 38 2956 ·
78 2935 148 2977 cum
167 2915 249 2977 clade
269 2915 442 2977 Germaniae
461 2924 491 2977 et
509 2920 669 2997 ignominie
681 2937 754 3000 sua,
773 2938 840 2980 cum
860 2921 1001 2998 coniunx,
1020 2939 1088 2980 cum

78 3006 157 3066 filius
173 3008 237 3068 eius
252 3007 408 3066 servitium
422 3006 518 3067 adbuc
532 3005 669 3067 tolerent.
702 3016 731 3068 at
745 3026 776 3068 se
792 3008 948 3069 duodecim
967 3009 1088 3086 legioni-

77 3095 134 3155 bus
158 3097 283 3173 petitum
307 3094 383 3155 duce
406 3094 526 3156 'liberio
548 3095 700 3156 inlibatam
723 3095 942 3158 Germanorum
965 3097 1088 3174 gloriam

77 3187 251 3264 servavisse,
269 3201 337 3242 mox
353 3184 577 3245 condicionibus
596 3187 698 3264 aequis
715 3184 893 3266 discessum,
908 3201 1005 3263 neque
1020 3201 1086 3262 pae·
1103 3200 1130 3238 10

77 3274 173 3333 nitere
189 3273 268 3353 quod
283 3273 415 3351 ipsorum
430 3275 461 3333 in
475 3291 564 3334 mauu
579 3275 631 3355 sit,
649 3276 799 3352 integrum
813 3275 970 3334 adversum
984 3270 1088 3333 Roma-

77 3379 132 3421 nos
155 3361 264 3423 bellum
288 3379 325 3421 an
348 3379 451 3440 pacem
473 3364 659 3423 incruentam
682 3363 793 3423 malint.
829 3362 877 3422 his
900 3359 1022 3422 vocibus
1045 3362 1090 3420 in·

149 3549 196 3615 46,
216 3555 231 3604 5
249 3565 337 3618 vegas
356 3551 490 3622 Draeger:
509 3567 613 3605 uacuae

131 3647 237 3689 unum
251 3648 326 3690 enus
341 3649 360 3689 1.
