2392 3876
305 174 353 229 AB
371 173 532 230 EXOESSU
549 172 706 229 AUGUSTI
723 174 769 228 HI.
790 176 902 230 sak-43.
1040 175 1103 239 105

160 322 211 385 41.
230 323 313 384 Haud
329 323 421 384 ferme
435 322 494 384 ulla
508 324 611 383 civitas
625 325 734 384 intacta
749 323 911 384 seminibus
926 324 990 384 eius
1004 332 1102 385 motus

94 415 163 474 init:
182 413 233 474 sed
253 430 378 491 erupere
397 413 486 490 primi
499 410 646 472 Andecavi
665 430 698 471 ac
713 411 833 473 Turoni.
868 430 993 491 quorum
1009 412 1102 473 Ande·

94 519 180 563 cavos
199 500 310 562 Acilius
329 500 429 560 Aviola
451 498 565 578 legatus
594 501 689 560 excita
713 499 847 580 cohorte,
872 519 947 579 quae
965 500 1103 579 Lugduni

93 590 274 670 praesidium
288 588 423 670 agitabat,
438 589 579 649 coercuit.
603 587 716 649 Turoni
724 587 887 667 legionario
898 588 999 669 milite,
1015 606 1103 667 quem

93 678 231 739 Visellius
240 677 332 738 Varro
346 677 496 738 inferioris
507 676 680 737 Germaniae
694 676 809 754 legatus
823 679 952 758 miserat,
968 678 1103 755 oppressi
1117 691 1129 732 5

94 768 197 828 eodem
211 766 312 827 Aviola
330 764 405 826 duce
424 772 455 826 et
473 764 649 843 quibusdam
666 764 824 826 Galliarum
842 764 1033 845 primoribus,
1052 767 1104 844 qui

93 856 190 916 tulere
204 855 358 934 auxilium,
378 872 436 932 quo
456 853 677 914 dissimularent
695 854 892 914 desectionem
906 856 1058 932 magisque
1072 855 1103 912 in

95 953 228 1021 tempore
253 942 401 1003 efferrent.
437 949 587 1020 spectatus
606 951 637 1003 et
655 941 792 1003 Sacrovir
805 944 917 1003 intecto
937 944 1031 1021 capite
1049 959 1102 1019 pu-

95 1050 181 1109 gnam
191 1048 246 1110 pro
256 1031 395 1091 Romanis
404 1031 494 1111 ciens,
509 1031 708 1111 ostentandae,
723 1037 755 1091 ut
766 1030 890 1112 larebat,
905 1031 1036 1091 virtutis:
1051 1029 1102 1090 sed

95 1122 214 1200 captivi,
239 1137 276 1180 ne
294 1121 495 1179 incesseretur
518 1118 598 1198 telis,
621 1118 860 1196 adgnoscendum
879 1137 911 1179 se
930 1118 1144 1198 praebuissem

94 1208 264 1287 arguebant.
306 1207 460 1268 consultus
484 1225 627 1284 supereo
647 1205 785 1268 Tiberius
804 1215 977 1285 aspernatus
996 1213 1042 1267 est
1060 1208 1103 1265 in-

94 1298 204 1358 dicium
219 1296 350 1374 aluitque
364 1295 549 1357 dubitatione
563 1293 681 1355 bellum.

113 1399 115 1404 ·
162 1382 213 1445 42.
241 1384 363 1444 interim
386 1382 492 1443 Florus
510 1384 648 1443 insistere
673 1383 840 1462 destinatis,
867 1382 1006 1460 pellicere
1030 1381 1104 1444 alam

96 1474 242 1551 equitum,
271 1488 346 1550 quae
373 1472 541 1548 conscripta
564 1488 581 1530 e
604 1469 867 1530 Treveris'militia
890 1470 1104 1548 disciplinaque
1171 1473 1176 1478 “

96 1568 198 1621 nostra
215 1558 392 1637 habebatur,
416 1565 450 1619 ut
472 1559 566 1618 caesis
585 1556 818 1636 negotiatoribus
837 1557 976 1617 Romanis
995 1556 1104 1617 bellum

96 1650 255 1728 inciperet;
273 1648 419 1726 paucique
434 1648 568 1724 equitum
582 1648 725 1728 corrupti,
743 1645 845 1725 plures
859 1647 890 1706 in
909 1646 1006 1706 oiticio
1025 1663 1105 1705 man·

96 1754 171 1797 sere.
208 1734 287 1795 aliud
310 1734 415 1813 vulgus
439 1734 645 1795 obaeratorum
668 1742 719 1794 aut
743 1733 895 1794 clientium
914 1752 994 1794 arma
1013 1736 1133 1814 cepit35

95 1824 295 1904 petebantque
314 1823 419 1904 saltus,
439 1822 546 1902 quibus
565 1841 674 1883 nomen
692 1823 864 1903 Arduenna,
887 1840 956 1883 curn
974 1822 1105 1900 legiones

95 1922 223 1993 utroque
243 1911 279 1972 ab
298 1913 444 1992 exercitu,
464 1929 537 1990 quas
552 1910 689 1972 Visellius
708 1920 737 1971 et
752 1910 782 1972 C.
798 1910 887 1971 Silius
906 1911 1039 1971 adversis
1057 1912 1105 1970 iti-

95 2001 218 2063 neribus
237 2000 419 2081 obiecerant,
443 2007 612 2061 arcuerunt.
645 2001 886 2079 praemissusque
905 2017 973 2060 cum
993 1998 1105 2060 delecta

96 2109 184 2151 mann
202 2088 294 2149 lulius
312 2088 403 2149 ludus
422 2107 438 2149 c
457 2090 575 2175 civitate
594 2088 708 2171 eadem,
728 2088 842 2149 discors
861 2087 949 2148 Floro
968 2096 999 2148 et
1017 2087 1054 2148 ob
1072 2088 1102 2147 id

96 2177 244 2239 n‘arandae
254 2195 361 2256 operae
373 2176 493 2257 avidior,
507 2177 687 2238 inconditam
702 2175 922 2237 multitudinem
936 2176 1032 2236 adhuc
1047 2175 1104 2235 dis·
1119 2190 1148 2230 1o

96 2269 173 2327 iecit.
209 2265 315 2325 Florus
333 2268 456 2326 incertis
475 2264 596 2326 latebris
614 2267 742 2326 victores
761 2265 936 2345 frustratnS,
954 2272 1105 2343 postremo

96 2357 167 2415 visis
181 2353 333 2434 militibus,
348 2356 400 2433 qui
414 2353 520 2432 effugia
529 2354 708 2433 insederant,
723 2371 776 2413 sua
785 2371 875 2413 manu
885 2353 1001 2413 cecidit.
1020 2353 1105 2430 isque

97 2443 247 2503 Treverioi
260 2442 406 2503 tumultus
421 2442 497 2502 linis.

162 2527 215 2592 43.
241 2529 327 2608 Apud
350 2529 468 2590 Aeduos
490 2532 584 2590 maior
605 2528 699 2590 moles
722 2536 836 2607 exorta,
865 2536 975 2606 quanto
1004 2529 1106 2587 civitas

96 2618 265 2698 opulentior
288 2624 320 2678 et
341 2616 555 2695 comprimendi
572 2616 677 2695 procul
695 2616 884 2695 praesidium.
919 2615 1105 2692 Augustodu-

97 2723 170 2766 num
193 2711 282 2781 caput
299 2707 396 2782 gentis
414 2707 534 2766 armatis
553 2703 725 2765 cohortibus
745 2704 882 2764 Sacrovir
902 2711 1105 2785 occupaverat,

97 2801 132 2855 ort
154 2792 367 2853 nobilissimam
389 2791 547 2853 Galliarum
571 2792 717 2871 subolem,
740 2790 911 2852 liberalibus
935 2793 1041 2853 studiis
1064 2793 1106 2853 ibi

97 2889 262 2963 operatam,
282 2889 311 2942 et
329 2899 365 2942 eo
383 2883 507 2960 pignore
526 2888 665 2960 parentes
683 2882 925 2960 propinquosque
940 2899 1043 2942 eorum
1057 2881 1135 2942 ads

96 2974 247 3051 iungeret,
271 2970 358 3031 simul
382 2988 462 3030 arma
485 2970 601 3032 occulte
625 2968 767 3030 fabricata
790 2971 936 3031 iuventuti
960 2971 1106 3048 dispertit.

168 3158 214 3227 42,
233 3164 249 3212 2
269 3159 428 3229 conscripta
442 3174 457 3212 e
470 3159 587 3215 Beltlter:
606 3157 781 3228 conscriptae
797 3161 801 3229 Ι
819 3165 852 3214 10
871 3158 963 3212 adhuc
981 3155 1107 3210 multitu·

97 3228 192 3283 dinem
220 3229 392 3302 Nipperdey,
422 3231 458 3298 of.
477 3231 621 3286 Androneo
641 3230 794 3286 latrator.
819 3229 868 3296 II,
893 3247 924 3296 p.
944 3232 981 3282 78
999 3244 1026 3281 o.
1045 3231 1108 3281 2-et

98 3301 165 3355 Lero,
186 3298 274 3355 Tacit.
297 3317 318 3355 s.
336 3318 361 3356 o.
386 3299 477 3354 adhue
500 3307 567 3355 extr.
593 3302 598 3368 1
622 3300 668 3367 ts,
696 3306 713 3354 4
740 3300 772 3353 ut
796 3301 860 3354 odd.
885 3297 1106 3370 Bezzenberqerl

96 3368 346 3439 nobilissimarum,
375 3386 423 3426 em.
441 3369 557 3440 Lipsius
580 3373 695 3438 (occup,
723 3367 899 3423 nobilissime
922 3366 954 3422 G.
973 3367 1070 3420 subole
1088 3366 1107 3424 1.

97 3458 156 3566 qq,
177 3442 296 3581 qperlpta,
311 3441 463 3581 fiququo.
482 3438 745 3566 nolbtilissimatcum
771 3438 802 3493 G.
823 3436 920 3492 subole
940 3478 945 3489 .
966 3481 972 3494 .
993 3439 1109 3508 operatu

120 3526 161 3567 o.
216 3531 235 3566 u
257 3529 285 3566 er
369 3527 383 3565 e
443 3526 519 3566 essen
537 3527 624 3579 oper:
642 3527 661 3562 u
