2392 3876
267 177 318 268 ΑΒΙ
335 178 496 234 Excussit
512 178 670 235 AUGUSTI
688 178 734 236 VI.
755 186 850 235 9-12.
1001 179 1067 244 175

54 328 225 387 continuam
243 334 421 405 potestatem
439 335 469 389 et
487 327 645 389 insolentia
662 328 786 408 parendi
804 329 971 406 graviorem
989 331 1067 390 mire

54 417 238 494 temperavit.

123 502 172 565 11.
190 502 322 583 Namque
342 512 440 586 antea,
458 505 601 584 prosectis
620 505 706 565 domo
727 505 847 584 regibus
866 523 899 566 ac
918 522 985 566 mox
1004 523 1066 566 ma·

54 592 241 673 gistratibus,
259 611 296 654 ne
310 592 384 654 urbs
398 595 462 654 sine
481 595 606 671 imperio
625 592 714 674 foret,
733 595 764 653 in
783 600 900 672 tempus
919 592 1064 672 deligeba-

55 688 113 761 tur,
128 683 183 760 qui·
193 682 241 742 ius
255 681 395 742 redderet
408 700 442 742 ac
457 680 563 742 subitis
581 682 766 762 mederetur,
785 682 943 760 feruntque
958 680 994 742 ab
1007 680 1064 742 llo·

54 769 134 829 mulo
158 769 299 830 Dentrem
321 769 504 850 Romulium,
530 769 662 849 postab
684 769 770 831 Tarllo
792 769 917 832 Hostilio
940 768 1065 830 Numam

54 857 198 918 Marcium
217 865 247 919 et
260 857 297 918 ab
311 857 472 938 Tarquinio
486 858 622 938 Superbo
637 858 779 936 Spurium
792 858 965 920 Lucretium
979 860 1062 937 inpo·
1078 871 1091 912 s

55 948 137 1006 sitos.
165 946 233 1006 dein
248 946 385 1007 consules
398 947 588 1028 mandabant;
606 947 751 1026 duratque
770 946 974 1027 simulacrum,
994 964 1065 1025 quo·

54 1038 133 1095 tiens
147 1034 185 1094 ob
199 1036 288 1095 ierias
302 1033 422 1096 Latinas
436 1035 608 1114 praeficitur
622 1036 674 1115 qui
688 1035 842 1096 consulare
857 1053 966 1096 munus
979 1052 1065 1095 usur-

54 1131 114 1202 pet.
147 1130 280 1183 ceterum
300 1123 452 1203 Augustus
471 1122 556 1184 bellis
575 1123 711 1185 civilibus
725 1124 853 1185 Cilnium
866 1123 1066 1185 Maecenatem

55 1213 205 1291 equestris
224 1212 336 1272 ordinis
355 1214 472 1273 cunctis
486 1211 564 1291 apud
578 1211 701 1272 Romam
715 1219 803 1292 atque
818 1211 930 1273 ltaliam
943 1228 1064 1291 praepo·
1162 1259 1165 1262 Α

56 1302 129 1361 suit:
152 1318 219 1360 mox
244 1318 346 1361 rerum
364 1303 478 1379 potitus
496 1299 534 1360 ob
552 1300 785 1378 magnitudinem
808 1300 911 1379 populi
929 1318 963 1360 ac
981 1299 1066 1361 tarda
1080 1313 1105 1353 10

56 1389 154 1464 legum
174 1388 279 1448 auxilia
300 1391 427 1468 sumpsit
444 1407 460 1450 e
480 1387 686 1449 consularibus
705 1390 757 1467 qui
775 1394 928 1449 coerceret
946 1389 1066 1448 servitia

58 1482 88 1535 et
102 1474 180 1553 quod
195 1477 303 1536 civium
318 1476 440 1537 audacia
453 1475 619 1556 turbidum,
637 1477 695 1537 nisi
713 1478 773 1536 vim
791 1483 911 1536 metuat.
939 1477 1067 1554 primus-

58 1581 116 1642 que
134 1561 269 1623 Messalla
287 1563 431 1624 Corvinus
450 1583 515 1626 eam
536 1571 714 1643 potestatem
732 1571 762 1624 ct
779 1582 889 1642 paucos
907 1565 985 1624 intra
1004 1563 1067 1622 dies

56 1653 146 1711 tinem
161 1653 283 1732 accepit,
298 1654 383 1731 quasi
396 1655 516 1713 nescius
530 1652 702 1734 exercendi,
715 1659 780 1713 tum
794 1651 909 1712 Taurus
925 1649 1067 1731 Statilius,

57 1757 233 1819 quamquam
249 1748 388 1819 provecta
400 1748 506 1822 aetate,
522 1743 640 1820 egregie
653 1739 802 1821 tolcravit3
816 1740 885 1801 dein
898 1739 968 1800 Piso
982 1740 1066 1816 quin·
1076 1752 1106 1803 v1⁵

56 1829 152 1889 decim
168 1846 222 1906 per
236 1846 328 1889 annos
342 1831 455 1908 pariter
468 1829 623 1909 probatus,
640 1828 760 1908 publico
779 1829 883 1889 sunere
898 1846 934 1888 ex
949 1828 1067 1888 decreto

57 1924 178 1978 senatus
193 1915 358 1977 celebratus
374 1925 427 1978 est.

127 2003 175 2066 12.
195 2005 330 2066 Relatum
348 2005 417 2066 inde
436 2006 471 2066 ad
490 2013 590 2084 patres
609 2003 820 2075 aQuintiliano
836 2003 956 2066 tribuno
970 2002 1068 2083 plebei

57 2093 94 2153 de
122 2092 198 2153 libro
223 2093 366 2174 Sibullae,
394 2112 482 2174 quem
505 2093 646 2154 Caninius
670 2093 769 2154 Gallus
800 2093 1068 2172 quindecimvirum

57 2183 152 2259 recipi
169 2184 247 2243 inter
265 2190 381 2243 ceteros
401 2183 534 2243 eiusdem
552 2185 626 2243 vatis
646 2189 676 2242 et
694 2201 728 2243 ea
746 2183 783 2243 de
802 2200 834 2242 re
854 2189 974 2243 senatus
1000 2199 1068 2241 con·

58 2269 169 2329 sultum
184 2269 391 2347 postulaverat.
421 2288 479 2350 quo
498 2288 552 2351 per
571 2271 782 2332 discessionem
796 2270 873 2331 lacto
892 2273 973 2331 misit
991 2268 1068 2329 litte-

57 2375 107 2418 ras
135 2357 254 2439 Caesar,
282 2359 397 2420 modice
425 2359 579 2419 tribunum
607 2361 764 2436 increpans
791 2361 927 2437 ignarum
955 2358 1095 2436 antiquis

57 2448 151 2506 moris
165 2445 203 2506 ob
217 2447 375 2507 iuventam.
403 2446 485 2508 Gallo
500 2445 708 2527 exprobrabat,
728 2446 806 2526 quod
821 2448 962 2507 scientiae
976 2447 1068 2505 caeri-

57 2536 283 2613 moniarumque
298 2543 383 2596 vetus
397 2536 512 2595 incerto
527 2541 657 2616 auctore,
671 2542 738 2596 ante
754 2536 930 2595 sententiam
944 2531 1069 2612 collegii,

57 2640 131 2703 non,
149 2630 185 2684 ut
202 2622 327 2704 adsolet,
350 2623 426 2684 lecto
445 2640 499 2700 per
517 2624 674 2701 magistros
695 2623 907 2700 aestimatoque
930 2622 1069 2700 carmine,

57 2712 134 2791 apud
159 2712 378 2790 infrequentem
401 2719 537 2772 senatum
560 2712 677 2789 egisset,
718 2708 806 2770 simul
833 2708 1068 2789 commonefecit,

57 2802 127 2879 quia
150 2799 241 2860 multa
264 2817 337 2861 vana
360 2798 415 2860 sub
439 2802 558 2860 nomine
577 2797 688 2859 celebri
706 2797 913 2880 irrigabantur,
937 2800 1068 2859 sanxisse
1084 2811 1109 2852 ιο

56 2889 234 2968 Augustum,
249 2906 337 2966 quem
351 2891 429 2949 intra
444 2888 523 2948 diem
536 2887 572 2948 ad
586 2894 753 2966 praetorem
763 2885 909 2948 urbanum
919 2886 1069 2947 deferren-

57 2984 108 3037 tur
123 2994 220 3056 neque
235 2975 344 3038 babere
358 2979 497 3056 privatim
511 2976 622 3038 liceret.
651 2976 729 3055 quod
744 2975 936 3037 amaioribus
951 2992 1069 3055 quoque

130 3165 176 3232 11,
197 3171 210 3219 1
229 3163 365 3236 profectis
384 3164 468 3219 domo
486 3164 649 3220 Rbeuuuuc:
667 3162 818 3233 praefectis
837 3162 949 3217 demum
964 3165 968 3227 Ι
984 3165 1001 3215 8
1015 3159 1069 3214 cil-

56 3235 137 3289 nium
155 3236 283 3305 Lipsius:
303 3234 442 3289 cillinium
457 3239 462 3303 Ι
480 3241 512 3290 15
531 3234 582 3290 XV
600 3234 728 3290 Ernesti:
750 3232 802 3286 XX
820 3233 868 3302 (Vl
889 3231 1021 3287 Coruinus
1038 3231 1071 3285 de

58 3308 154 3374 Praos.
169 3309 229 3362 corb.
240 3324 271 3376 p.
287 3310 334 3376 33)
353 3308 387 3374 cf.
407 3312 497 3361 tcmeu
516 3306 674 3370 Mommsen,
688 3304 767 3360 Rom.
782 3302 1071 3372 Stcotsr.11p.1014

56 3382 113 3432 uol.
133 3379 205 3446 2(2)
222 3378 288 3446 112,
308 3385 323 3431 2
343 3374 553 3445 quindecimvir*
564 3376 726 3443 Beroaldus,
745 3380 775 3430 al
792 3391 816 3431 c.
835 3373 982 3428 Buecheler
994 3373 1070 3427 Mus.

56 3449 133 3504 rheu.
153 3448 210 3514 XI,
229 3452 285 3503 527
300 3451 304 3518 Ι
320 3454 336 3504 8
355 3445 523 3516 magistrum
542 3446 645 3515 Sirker,
664 3451 693 3502 at
710 3462 734 3501 o.
754 3444 878 3502 Momms.
898 3443 934 3498 R.
953 3442 1070 3499 Stcutsr.

56 3520 109 3586 II,
129 3523 201 3574 1051
219 3535 247 3574 u.
266 3523 284 3573 4
303 3522 342 3589 (2)
358 3522 363 3589 Ι
380 3525 412 3572 12
431 3533 500 3572 neve
519 3517 634 3572 Eruesti
