2408 3870
105 161 170 227 258
458 159 761 216 coauannuacrrr

175 307 224 373 15.
248 310 395 372 Turbatus
415 312 461 372 bis
479 310 557 372 Nero
577 318 607 372 et
624 313 792 390 propinquo
812 311 872 391 die,
897 331 954 391 quo
976 323 1125 391 quartum

106 402 263 462 decumum
282 402 385 460 aetatis
405 418 513 461 anunm
533 399 720 460 Britannicus
743 399 891 479 explebat,
915 400 1053 463 volutare
1079 423 1125 465 se-

106 508 173 550 cum
188 489 275 549 modo
289 490 392 550 matris
406 488 588 569 violentiam,
607 488 693 570 modo
708 490 802 567 ipsius
817 488 958 569 indolem,
981 488 1040 550 levi
1057 495 1125 572 qni-

105 579 172 640 dem
192 580 393 657 experimento
412 596 507 656 nuper
526 580 686 658 cognitam,
707 595 766 656 quo
788 585 886 638 tamen
906 577 1039 639 favorem
1063 581 1124 643 late

78 668 307 747 aquaesivisset.
341 665 424 726 iestis
444 664 571 725 Saturno
591 665 696 726 diebus
715 668 793 726 inter
812 664 867 726 alia
886 666 1058 745 aequalium
1079 669 1124 731 lu-

105 757 186 817 dicra
200 773 325 833 regnum
339 753 407 816 lusu
415 756 606 835 ¹sortientium
617 761 755 815 evenerat
765 772 798 814 ea
809 771 875 814 sors
882 754 1001 816 Neroni.
1026 759 1125 836 igitur

106 846 214 906 ceteris
234 843 349 903 diversa
368 860 423 903 nec
443 843 581 903 ruborem
602 842 747 903 adlatura:
766 843 818 903 ubi
837 842 1008 905 Britannico
1029 848 1123 908 iussit

105 938 279 1010 exsurgeret
297 948 533 1010 progressusque
553 932 584 991 in
603 932 732 992 medinm
752 939 872 992 cantum
893 931 1022 1012 aliquem
1047 936 1122 996 inci·

105 1029 199 1101 peret,
212 1021 338 1080 inrisum
354 1037 389 1079 ex
404 1038 439 1080 eo
454 1037 577 1099 sperans
591 1022 678 1099 pueri
692 1020 808 1080 sobrios
818 1038 936 1100 quoque
951 1024 1124 1105 convictus,

67 1109 215 1170 ronedum
230 1107 409 1169 temulentos
423 1110 594 1189 ignorantis,
608 1108 657 1169 ille
672 1116 842 1170 constanter
857 1127 981 1171 exorsus
996 1120 1047 1173 est
1058 1132 1122 1174 car-

107 1216 186 1278 men,
207 1215 265 1276 quo
280 1196 430 1258 evolutum
445 1215 513 1259 eum
529 1197 598 1258 sede
613 1200 707 1277 patria
721 1196 872 1277 rebusque
887 1201 1010 1259 summis
1027 1203 1122 1281 signi-

106 1273 257 1347 ficabatur'.
281 1286 360 1346 unde
374 1294 439 1347 orta
452 1288 602 1348 miseratio
616 1287 809 1366 manifestior,
824 1288 893 1367 quia
907 1287 1124 1352 dissimulatio·

106 1395 174 1437 nem
189 1393 246 1436 nox
262 1383 291 1436 et
305 1375 422 1436 lascivia
438 1383 594 1437 exemerat.
626 1375 704 1436 Nero
723 1375 872 1437 intellecta
890 1376 1000 1437 invidia
1016 1379 1124 1441 odium

106 1464 246 1546 intendit3
265 1464 520 1543 arguentibusque
536 1463 713 1544 Agrippinae
728 1466 829 1544 minis,
845 1465 1047 1544 quianullum
1064 1472 1124 1530 cri-

67 1567 92 1608 15
106 1573 174 1616 men
188 1570 285 1631 neque
298 1552 402 1614 iubere
417 1552 535 1613 caedem
549 1553 650 1614 lratris
664 1553 757 1631 palam
772 1552 911 1634 audebat,
926 1553 1046 1616 occulta
1062 1577 1125 1618 mo-

107 1644 178 1705 litur
192 1643 348 1721 pararique
368 1659 514 1702 venenum
533 1641 628 1724 iubet,
647 1644 782 1703 ministro
797 1641 929 1703 Pollione
943 1642 1019 1703 lulio
1036 1663 1125 1724 prae-

107 1734 199 1793 toriae
214 1731 345 1791 cohortis
359 1729 488 1811 tribuno,
503 1732 588 1792 cuius
603 1749 674 1791 cura
689 1731 869 1791 attinebatur
883 1730 1020 1792 damnata
1032 1753 1126 1796 vene-

107 1822 167 1882 ticii
180 1821 299 1880 nomine
309 1818 444 1900 Locusta,
459 1818 550 1880 multa
565 1819 712 1880 scelerum
726 1820 809 1893 lama.
833 1837 899 1880 nam
915 1828 949 1880 nt
962 1824 1127 1899 proximus

108 1911 234 1989 quisque
248 1907 417 1968 Britannico
432 1926 528 1986 neque
544 1907 585 1968 las
601 1926 697 1987 neque
708 1908 795 1969 fidem
805 1907 1036 1993 pensibaberet,
1052 1912 1126 1974 olim

66 2012 94 2052 ao
107 1999 257 2077 provisum
278 2002 349 2056 erat.
383 1998 511 2073 primum
530 2014 676 2057 venenum
695 1997 731 2057 ab
750 1999 823 2076 ipsis
842 1997 1058 2061 educatoribus
1079 2021 1127 2064 ac-

108 2087 199 2164 cepit,
224 2085 409 2162 tramisitque
429 2081 561 2144 exsoluta
579 2084 642 2144 alro
667 2103 771 2164 parum
795 2084 936 2167 validum,
960 2088 1024 2148 sive
1049 2098 1126 2152 tem·

107 2179 312 2253 paramentum
327 2173 431 2253 inerat,
446 2189 483 2232 ne
498 2173 597 2233 statim
612 2176 746 2235 saeviret.
779 2174 830 2235 sed
845 2173 924 2234 Nero
938 2173 1014 2236 leuti
1030 2180 1127 2241 scele-

108 2263 150 2321 ris
170 2261 316 2339 inpatiens
335 2261 466 2321 minitari
484 2260 617 2342 tribuno,
641 2262 744 2323 iubere
763 2262 941 2342 supplicium
961 2267 1127 2349 veneficae,

109 2348 197 2429 quod,
212 2349 281 2411 dum
296 2366 446 2410 rumorem
460 2351 637 2431 respiciunt,
652 2351 723 2412 dum
737 2360 842 2430 parant
855 2350 1063 2436 defensiones,
1079 2376 1128 2418 se·

68 2453 94 2494 aa
110 2440 265 2500 caritatem
280 2446 476 2499 morarentur.
509 2438 750 2516 promittentibus
765 2440 834 2500 dein
848 2446 907 2501 tam
926 2445 1128 2522 praecipitem

109 2546 225 2608 necem,
245 2546 332 2607 quam
351 2530 377 2587 si
396 2527 475 2587 lerro
491 2535 682 2607 urgueretur,
693 2527 872 2589 cubiculum
887 2526 1024 2591 Caesaris
1039 2534 1127 2596 iuxta

109 2618 285 2696 decoquitur
299 2617 381 2678 virus
396 2616 520 2694 cognitis
535 2623 620 2677 antea
635 2619 757 2678 venenis
772 2616 915 2696 rapidum.

178 2703 226 2767 16.
245 2704 309 2765 llos
327 2704 491 2765 habebatur
509 2706 679 2784 principum
696 2705 807 2783 liberos
826 2723 893 2766 cum
913 2709 1024 2768 ceteris
1044 2709 1126 2773 idem

109 2795 213 2855 aetatis
241 2792 389 2853 nobilibus
419 2792 556 2854 sedentes
579 2795 659 2855 vesci
682 2795 713 2854 in
737 2802 859 2873 aspectu
882 2796 1125 2876 propinquorum

108 2883 229 2963 propria
252 2889 282 2942 et
304 2883 439 2960 parciore
458 2900 567 2943 mensa.
609 2881 668 2942 illic
688 2882 824 2962 epulante
843 2882 1030 2967 Britannico,
1056 2889 1125 2966 quia

110 2971 193 3032 cibos
212 2975 359 3049 potusque
378 2972 443 3032 eius
462 2970 594 3032 delectus
613 2988 649 3031 ex
668 2973 813 3032 ministris
831 2979 921 3050 gustu
940 2973 1126 3055 explorabat,

80 3072 95 3112 ⁵
111 3078 147 3121 ne
162 3061 349 3121 omitteretur
359 3060 528 3121 institutum
538 3066 589 3120 aut
598 3061 755 3138 utriusque
766 3066 861 3122 morte
871 3060 1053 3139 proderetur
1062 3081 1126 3126 soe·

182 3265 226 3334 15,
255 3272 271 3320 3
299 3265 356 3320 lavi
379 3264 493 3333 quidem
516 3265 701 3321 Freinabea'm:
729 3267 762 3320 ut
789 3264 905 3335 quidam
921 3269 926 3336 Ι
941 3271 959 3322 t
976 3265 1075 3324 ludiot.
1093 3257 1125 3323 lt

110 3389 228 3441 regnum
257 3355 298 3438 tsi.
314 3372 364 3426 del.
381 3371 559 3452 Puteolanus)
577 3373 581 3440 l
597 3369 807 3440 resecantem,
823 3388 872 3429 em.
886 3373 958 3456 Mem
972 3373 977 3434 Ι
993 3378 1030 3454 aa
1043 3389 1125 3445 urga-

109 3444 227 3509 rentur}
245 3441 288 3509 16,
310 3448 323 3496 1
343 3457 408 3496 mox
423 3443 461 3522 [4
479 3442 557 3496 orbos
577 3484 583 3496 .
603 3484 610 3497 .
629 3441 798 3512 explorabat
816 3441 968 3499 Daneatua:
990 3444 1072 3500 c1bus
1092 3488 1098 3500 .
1119 3486 1124 3498 .

111 3512 309 3583 explorabatur
324 3512 328 3583 l
346 3518 361 3566 5
380 3513 531 3582 omitteret,
551 3530 597 3569 em.
617 3513 772 3570 Beroaldus
