2392 3876
184 157 187 162 ’
282 183 329 237 AB
349 182 510 238 excussu
527 182 681 238 Aususrr
699 185 719 240 1.
739 189 852 240 se-ae.
1036 185 1078 248 21

73 333 148 393 dena
163 332 303 393 iecissent
317 350 350 392 ac
365 334 489 392 retineri
503 331 559 393 sub
572 332 678 393 vexillo
693 339 861 393 ceterorum
876 335 1012 394 inmunes
1022 335 1081 393 nisi

72 419 266 500 propulsandi
276 420 379 499 hostis,
391 420 484 499 legata
493 439 568 500 quae
575 423 741 499 petiverant
749 420 859 481 exsolvi
867 421 1080 501 duplicarique.

141 506 192 570 37.
212 508 311 569 Sensit
330 508 414 569 miles
433 511 463 568 in
483 517 600 587 tempus
620 509 745 570 conficta
760 511 917 589 statimque
932 510 1081 587 flagitavit.

72 599 176 660 missio
189 615 245 675 per
257 596 395 658 tribunos
404 605 577 678 maturatur,
592 597 708 676 largitio
718 596 908 658 differebatur
918 600 949 658 in
958 596 1082 658 hiberna

73 687 228 765 cuiusque.
256 704 316 746 non
335 685 505 746 abscessere
524 688 658 765 quintani
677 688 1013 765 unetvicensimauique,
1033 686 1082 745 do·

72 793 130 835 nec
149 775 244 834 isdem
262 775 293 834 in
312 776 430 835 aestivis
449 782 599 835 contracta
618 793 654 835 en
672 777 779 836 viatico
799 776 961 836 amicorum
976 776 1082 852 ipsius·

74 881 133 942 que
148 862 281 923 Caesaris
300 865 426 941 pecunia
444 862 672 941 persolveretur.
700 865 826 942 primam
845 882 878 924 ae
893 865 1109 923 vicensimamo

73 952 206 1028 legiones
221 950 344 1012 Caecina
358 951 471 1030 legatus
485 954 517 1012 in
531 954 679 1013 civitatem
693 951 836 1012 Ubiorum
850 952 982 1031 reduxit,
1001 953 1084 1028 turpi

76 1040 204 1120 agmine,
228 1057 296 1100 cum
315 1040 380 1100 fisci
399 1040 435 1100 de
454 1042 632 1119 imperatore
650 1043 729 1119 rapti
746 1042 826 1101 inter
844 1042 927 1117 signa
945 1042 1084 1117 interque

75 1126 188 1207 aquilas
211 1127 398 1190 veherentur.
436 1127 628 1191 Germanicus
651 1131 837 1207 superiorem
860 1129 895 1188 ad
921 1130 1083 1188 exercitum

73 1216 226 1295 proiectus
241 1217 401 1278 secundam
416 1225 446 1278 et
459 1221 577 1279 tertiam
591 1219 745 1279 decumam
758 1225 789 1278 et
803 1225 914 1277 sentam
930 1216 1085 1277 decumam

74 1305 206 1383 legiones
225 1305 299 1365 nihil
318 1312 472 1366 cunctatas
491 1314 676 1366 sacramento
695 1306 794 1383 adigit.
822 1305 1084 1384 quartadecumani
1098 1319 1124 1358 10

74 1393 196 1471 paulurn
215 1393 435 1453 dubitaverant:
456 1396 582 1470 pecunia
604 1399 634 1453 et
653 1394 755 1454 missio
774 1395 908 1470 quamvis
927 1411 986 1453 non
1004 1392 1084 1470 ssagi-

75 1480 209 1541 tontibus
222 1479 318 1541 oblata
333 1487 387 1540 est.

145 1564 196 1627 38
216 1567 275 1626 At
267 1585 299 1626 m
312 1566 439 1627 Chaucis
455 1573 628 1644 coeptavere
643 1565 817 1626 seditionem
832 1567 1012 1644 praesidium
1027 1566 1085 1645 agi·

78 1661 176 1716 tantes
201 1653 343 1715 vexillarii
365 1654 548 1716 discordium
566 1654 714 1733 legionum
739 1663 768 1715 et
790 1656 941 1732 praesenti
959 1655 1085 1715 duorum

77 1742 204 1804 militum
224 1742 369 1822 supplicio
389 1742 510 1822 paulum
527 1745 659 1822 repressi
677 1750 754 1803 sunt.
782 1745 910 1803 iusserat
924 1742 953 1802 id
968 1742 1014 1803 Μ’.
1028 1742 1085 1803 En-

76 1835 146 1893 nius
166 1839 331 1892 castrorum
350 1832 532 1912 praelectus,
552 1831 631 1892 bono
649 1834 742 1910 magis
761 1830 895 1909 exemplo
915 1849 1002 1910 quam
1016 1849 1086 1891 con·

76 1939 161 1983 cesso
175 1922 248 1980 iure.
275 1921 381 1981 deinde
395 1923 611 1982 intumescente
625 1928 709 1981 motu
722 1920 866 1998 profugus
880 1928 1085 2001 repertusque,
1099 1933 1112 1973 ⁵

75 2017 231 2089 postquam
246 2011 359 2070 intutae
374 2007 518 2089 latebrae,
538 2009 718 2087 praesidium
734 2006 770 2068 ab
785 2008 905 2068 audacia
919 2016 1085 2070 mutuatur:

77 2101 136 2157 n'on
151 2098 335 2175 praelectum
349 2097 387 2158 ab
401 2099 446 2177 iis,
461 2097 513 2158 sed
524 2097 731 2158 Germanicum
742 2097 856 2176 ducem,
871 2096 922 2157 sed
933 2095 1086 2157 'liberium

77 2188 286 2264 imperatorem
300 2185 413 2247 violari.
435 2184 524 2246 simul
538 2188 688 2246 exterritis
703 2187 755 2263 qui
769 2183 954 2264 obstiterant,
968 2194 1085 2263 raptum

77 2273 218 2333 vexillum
227 2273 263 2333 ad
273 2276 368 2352 ripam
380 2276 477 2354 vertit,
492 2281 522 2334 et
532 2276 557 2334 si
567 2276 634 2353 quis
646 2275 761 2351 agmine
772 2272 957 2352 decessisset,
971 2291 1026 2350 pro
1037 2273 1085 2332 de·

78 2354 193 2422 sertore
200 2362 263 2421 sore
269 2361 430 2442 clamitans,
437 2362 593 2423 reduxitiu
601 2361 724 2421 hiberna
732 2359 868 2422 turbidos
874 2360 983 2421 etnibil
989 2379 1085 2421 ausos.
1100 2376 1126 2415 10

145 2446 196 2510 39.
216 2449 331 2510 lnterea
349 2450 438 2527 legati
457 2449 493 2510 ab
512 2457 616 2511 senatu
634 2467 804 2528 regressum
827 2451 886 2509 iam
909 2449 986 2528 apud
1005 2468 1085 2509 aram

78 2537 223 2598 Ubiorum
240 2537 447 2598 Germanicum
466 2537 583 2598 adeunt.
612 2536 687 2597 duae
706 2536 748 2597 ibi
766 2537 911 2615 legiones,
930 2539 1025 2614 prima
1045 2544 1085 2597 at·

78 2644 136 2704 que
155 2627 329 2706 vicensima,
353 2628 544 2704 veteranique
562 2642 658 2704 nuper
676 2627 761 2686 missi
779 2625 835 2685 sub
853 2624 959 2684 vexillo
977 2625 1086 2685 hiema-

78 2713 158 2770 bant.
185 2713 306 2788 pavidos
325 2719 355 2772 et
368 2715 549 2773 conscientia
562 2712 721 2774 vaecordes
735 2715 826 2773 intrat
840 2720 951 2793 metus,
970 2716 1085 2774 venisse

78 2804 197 2876 patrum
211 2800 294 2859 iussu
310 2802 362 2878 qui
376 2802 464 2860 inrita
479 2801 611 2862 lacerent
624 2819 698 2879 quae
713 2819 767 2879 per
781 2801 956 2861 seditionem
967 2820 1085 2880 expres·
1100 2817 1112 2856 a

78 2895 188 2946 seraut.
217 2893 309 2965 utque
324 2905 389 2947 mos
402 2887 489 2965 vulgo
509 2890 642 2968 quamvis
660 2888 741 2949 salsis
758 2907 843 2949 reum
863 2889 1004 2969 subdere,
1023 2890 1085 2950 Mu·

76 2977 190 3036 natium
201 2974 341 3035 Plancum
352 2975 507 3036 consulatu
522 2979 664 3056 iunctum,
678 2979 843 3056 principem
858 2977 1022 3056 legationis,
1036 2997 1086 3038 au·

77 3073 191 3125 ctorem
203 3072 326 3145 senatus
341 3064 470 3125 consulti
484 3067 634 3146 incusant,
649 3073 679 3126 et
692 3074 780 3126 nocte
794 3066 938 3127 concubia
947 3065 1085 3126 vexillum

76 3156 107 3213 in
122 3151 210 3212 domo
222 3151 388 3213 Germanici
403 3154 493 3214 situm
507 3152 638 3232 llagitare
652 3155 812 3232 occipiunt,
826 3171 1034 3233 concursuque
1050 3154 1086 3214 ad

76 3243 192 3301 ianuam
208 3241 285 3302 lacto
299 3241 462 3302 moliuntur
477 3243 565 3324 iores,
580 3250 745 3304 extractum
756 3241 847 3302 cubili
857 3241 1012 3302 Caesarem
1027 3248 1084 3301 tra·
1100 3255 1125 3297 ro

146 3375 193 3442 37,
212 3377 303 3429 3unt
320 3375 592 3456 etuieessimanique,
619 3376 683 3443 fort.
706 3393 740 3430 ecc
757 3373 1085 3468 unietuioensimanique,

74 3451 107 3500 ut
125 3447 163 3500 H.
182 3417 538 3514 b,14unietuieensimae
556 3448 605 3517 qui
623 3452 661 3502 est
679 3447 788 3501 dativus
805 3450 809 3516 l
824 3445 871 3517 38,
885 3444 963 3502 elt‘.
978 3445 1085 3555 Ennius

75 3487 236 3588 Nipperdey
254 3518 323 3586 (coll.
342 3518 433 3574 Dione
451 3521 573 3587 5513).
592 3515 721 3572 mennius

28 3772 162 3829 m
