2392 3876
270 225 319 280 AB
338 223 500 280 EXCESSU
517 222 678 278 AUGUSTI
696 222 767 278 XVl.
787 229 899 277 27—32.
1022 223 1083 286 371
1109 308 1112 315 .

75 380 226 438 enimvero
240 374 411 433 Montanum
429 369 539 447 probae
557 371 694 428 iuventae
710 385 807 447 neque
820 368 925 430 famosi
939 372 1087 452 carminis,

75 467 145 544 squia
160 461 318 542 protulerit
332 460 495 537 ingenium,
510 464 659 517 extorrem
673 457 728 534 agi.
1101 473 1127 512 1o

145 548 196 612 30.
214 550 310 628 Atque
325 548 444 608 interim
453 544 591 606 Ostorius
602 543 737 625 Sabinus,
748 542 855 604 Sorani
868 552 1031 626 accusator,
1044 548 1087 607 in-

77 639 212 718 greditur
225 636 399 715 orditurque
413 634 450 694 de
464 635 593 695 amicitia
606 632 735 694 Rubellii
748 632 853 713 Plauti,
868 631 1007 712 quodque
1021 652 1088 712 pro·

79 725 265 788 consulatum
274 725 360 785 Asiae
376 722 507 783 Soranus
521 740 575 799 pro
590 720 722 783 claritate
738 719 795 782 sibi
808 723 909 801 potius
923 721 1088 782 adcommo-

77 816 179 875 datum
194 830 282 891 quam
296 829 332 872 ex
347 809 474 871 utilitate
493 811 643 871 communi
662 813 784 890 egisset,
801 809 907 872 ,alendo
927 810 1087 871 seditiones

78 902 251 963 civitatium.
279 908 380 959 vetera
397 897 484 958 haec:
503 898 555 959 sed
575 916 680 960 recens
694 906 725 959 et
739 916 797 979 quo
812 899 977 960 discrimini
995 900 1088 979 patris
1103 915 1115 955 s

72 991 168 1050 ‚liliam
187 985 375 1067 conectebat,
394 985 472 1065 quod
491 988 647 1063 pecuniam
664 990 758 1066 magis
777 987 913 1067 dilargita
927 994 1014 1049 esset.
1042 1006 1089 1049 ac-

78 1079 192 1139 ciderat
210 1094 280 1137 sane
298 1077 408 1157 pietate
427 1073 568 1135 Serviliae
587 1071 632 1156 (id
652 1078 730 1135 enim
749 1073 863 1137 nomen
875 1076 990 1157 puellae
1008 1069 1089 1158 luit),

79 1184 154 1244 quae
169 1167 292 1225 caritate
307 1181 376 1242 erga
394 1170 560 1244 parentem,
580 1162 668 1223 simul
685 1165 875 1240 inprudentia
894 1167 1011 1246 aetatis,
1029 1183 1089 1225 non

72 1263 176 1315 'tamen
186 1251 266 1314 aliud
281 1252 497 1314 consultaverat
511 1269 598 1330 quam
613 1251 650 1311 de
663 1250 865 1312 incolumitate
880 1252 994 1334 domus,
1009 1260 1039 1313 et
1052 1272 1088 1312 an

71 1340 230 1420 placabilis
252 1339 345 1420 Nero,
373 1357 410 1401 an
438 1341 567 1418 cognitio
591 1346 712 1400 senatus
739 1338 813 1399 nihil
840 1347 924 1400 atrox
951 1342 1088 1401 adferret.
1104 1358 1129 1396 ao

79 1432 171 1508 igitur
185 1431 278 1490 accita
293 1430 384 1490 estin
398 1436 546 1510 senatum,
565 1435 772 1513 steteruntque
787 1428 897 1488 diversi
911 1437 978 1489 ante
996 1428 1089 1489 tribu-

80 1517 128 1578 nal
142 1518 300 1578 consulum
314 1517 434 1596 grandis
449 1535 519 1577 aero
533 1534 656 1597 parens,
675 1524 778 1577 contra
797 1516 856 1576 lilia
874 1518 952 1577 intra
966 1519 1088 1577 vicensi·

78 1624 161 1666 mum
175 1609 279 1667 aetatis
293 1624 416 1683 annum,
435 1623 532 1684 nuper
548 1607 655 1665 marito
670 1605 765 1665 Annio
779 1604 909 1666 Pollione
924 1608 955 1665 in
970 1605 1089 1665 exilium

79 1694 165 1772 pulso
189 1695 307 1755 viduata
331 1694 533 1773 desolataque,
561 1712 595 1754 ac
618 1711 655 1754 ne
678 1701 792 1772 patrem
817 1694 938 1772 quidem
961 1696 1090 1774 intuens,

79 1785 166 1843 cuius
180 1800 319 1843 onerasse
333 1781 466 1861 pericula
480 1780 642 1843 videbatur.
993 1806 995 1811 ·
1105 1798 1129 1836 15

146 1866 197 1930 31.
217 1869 292 1930 Tum
311 1873 512 1948 interrogante
531 1877 715 1949 accusatore,
735 1888 772 1929 an
791 1868 889 1929 cultus
908 1867 1033 1950 dotales,
1053 1889 1090 1930 an

79 1957 245 2018 detractum
264 1960 373 2018 cervici
390 1958 498 2018 monile
517 1976 625 2018 venum
644 1956 787 2037 dedisset,
807 1975 865 2036 quo
880 1960 1035 2034 pecuniam
1050 1958 1064 2018 1
1080 1992 1090 2000 -

79 2045 192 2105 ciendis
207 2048 328 2122 magicis
342 2048 435 2106 sacris
449 2045 651 2124 contraheret,
669 2047 798 2124 primum
818 2052 909 2105 strata
927 2044 1011 2105 humi
1028 2044 1089 2106 lon·
1120 2053 1124 2063 '

79 2151 175 2210 goque
194 2132 266 2193 ssetu
285 2141 315 2194 et
333 2133 464 2214 silentio,
483 2141 552 2211 post
569 2133 671 2194 altaria
691 2140 722 2194 et
740 2151 820 2193 aram
838 2133 990 2211 complexa
1015 2130 1089 2194 ‘nul

80 2215 134 2279 los'
154 2223 251 2296 inquit
269 2216 387 2299 ‘impios
405 2221 489 2301 deos,
508 2222 604 2284 nullas
623 2222 808 2303 devotiones,
826 2240 882 2282 nec
901 2222 979 2283 aliud
994 2223 1116 2283 infeli-5

80 2306 165 2365 cibus
184 2305 323 2383 precibus
342 2310 488 2389 invocavi,
507 2328 595 2387 quam
613 2318 648 2371 ut
665 2311 745 2370 hunc
760 2313 904 2388 optimum
918 2318 1032 2389 patrem
1046 2320 1090 2392 tu,

81 2393 201 2474 Caesar,
220 2411 285 2472 vos,
309 2401 422 2473 patres,
445 2399 603 2458 servaretis
623 2398 810 2459 incolumem.
845 2400 888 2458 sic
909 2417 1039 2477 gemmas
1060 2408 1090 2460 et

80 2489 178 2542 vestes
192 2489 223 2542 et
242 2480 393 2558 dignitatis
412 2484 539 2561 insignia
558 2483 638 2563 dedi,
658 2485 817 2564 quomodo
833 2488 859 2546 si
873 2489 1046 2565 sanguinem
1060 2496 1091 2547 et

79 2572 168 2631 vitam
188 2572 402 2648 poposcissent.
440 2571 567 2632 viderint
585 2574 648 2653 isti,
671 2573 795 2634 antehac
812 2575 886 2635 mihi
904 2577 1009 2656 ignoti,
1031 2594 1089 2655 quo

79 2661 198 2719 nomine
209 2660 277 2738 sint,
293 2676 365 2737 quas
375 2666 455 2719 artes
465 2667 635 2721 exerceant:
649 2660 729 2722 nulla
739 2661 812 2722 mihi
821 2665 967 2742 principis
977 2667 1088 2725 mentio
1104 2680 1129 2719 10

79 2748 138 2806 nisi
151 2749 230 2807 inter
243 2749 366 2807 numina
379 2747 444 2807 luit.
472 2751 569 2809 nescit
582 2757 680 2811 tamen
694 2752 880 2812 miserrimus
898 2759 983 2831 pater
1002 2760 1045 2833 et,
1064 2755 1090 2813 si

79 2835 192 2894 crimen
207 2843 266 2915 est,
280 2835 341 2895 sola
355 2831 486 2914 deliqui’

146 2918 197 2983 32.
220 2922 382 3000 Loquentis
405 2924 501 2986 adhuc
525 2926 615 2986 verba
638 2929 748 3005 excipit
767 2926 898 2990 Soranus
916 2930 1090 3007 proclamat·

79 3026 137 3087 que
156 3027 216 3069 non
233 3010 313 3094 illam
330 3014 361 3072 in
379 3016 562 3092 provinciam
584 3033 685 3076 secum
708 3017 884 3096 prolectam,
907 3035 967 3077 non
986 3017 1089 3079 Plauto

78 3115 133 3174 per
147 3105 271 3158 aetatem
286 3103 369 3160 nosci
383 3105 529 3182 potuisse,
547 3122 608 3164 non
626 3104 801 3166 criminibus
821 3106 920 3166 mariti
934 3124 1089 3167 conexam:

78 3187 186 3245 nimiae
205 3193 319 3248 tantum
338 3190 456 3266 pietatis
475 3209 556 3251 ream
581 3202 767 3273 separarent,
790 3200 877 3271 atque
901 3195 964 3270 ipse
989 3199 1112 3272 quam-⁵

78 3290 206 3352 cumque
221 3282 332 3336 sortem
347 3277 470 3339 subiret.
498 3279 587 3339 simul
601 3282 631 3339 in
647 3280 798 3359 amplexus
812 3283 999 3341 occurrentis
1013 3281 1089 3342 tiliae

147 3406 193 3473 21),
214 3414 247 3462 10
266 3409 315 3463 sed
334 3411 401 3477 quia
418 3412 565 3467 Acidaliae
589 3416 594 3481 Ι
618 3413 664 3478 311,
690 3418 703 3465 1
733 3411 1035 3469 accusationema'dem
1051 3417 1088 3483 12

76 3477 306 3542 proconsulatum
324 3480 452 3548 Lipsius:
476 3497 584 3550 procos.
608 3482 612 3548 Ι
637 3489 727 3550 liquo
750 3482 810 3538 Jac.
828 3482 995 3540 Gronovius:
1019 3488 1088 3553 quoe

76 3545 164 3612 (quod
182 3547 229 3617 al.)
245 3551 250 3617 1
266 3549 311 3616 111,
331 3554 348 3603 8
367 3549 527 3619 danistae,
547 3558 563 3606 2
582 3551 704 3638 plautio·
