2392 3876
252 190 301 245 AB
319 187 481 245 EXOESSU
497 187 653 244 AUGUSTI
670 187 729 243 XV.
748 193 861 244 stt-42.
996 186 1060 251 337

57 344 113 402 tiae
137 357 259 418 campus
282 346 312 399 et
334 337 415 398 velut
440 355 562 398 vacnum
587 337 699 397 caelum
718 344 898 398 occurreret.
934 335 1063 396 necdum

55 431 171 509 positus
188 434 299 506 metus,
322 434 351 486 et
370 425 458 487 rediit
476 425 549 487 hant
566 426 660 486 levius
678 443 798 486 rursum
816 431 967 503 grassatus
985 425 1063 502 ignis

56 516 165 598 patulis
178 517 272 594 magis
286 514 371 575 urbis
384 513 470 594 locis,
485 532 580 592 eoque
594 521 708 592 strages
722 513 874 573 hominum
889 514 999 573 minor:
1014 512 1062 572 de·
1072 523 1090 567 'e

56 605 141 668 lubra
159 605 248 666 deum
266 611 297 664 et
314 605 448 682 porticus
466 604 637 663 amoenitati
655 603 767 664 dicatae
789 601 877 662 latius
899 600 1063 680 procidere.

56 695 183 775 plusque
197 693 334 753 inlamiae
348 690 379 752 id
392 691 562 752 incendium
576 689 688 771 habuit,
703 693 772 769 quia
785 690 914 768 praediis
928 687 1066 767 Tigellini

55 782 227 843 Aemilianis
245 787 436 860 proruperat,
459 778 673 857 videbaturque
691 779 769 840 Nero
791 777 960 839 condendae
981 776 1065 837 urbis

56 889 148 932 novae
178 877 208 930 et
237 875 432 945 cognomento
462 885 517 927 suo
546 867 735 946 appellandae
762 866 884 945 gloriam
913 883 1064 946 quaerere.

57 961 167 1038 quippe
191 959 222 1016 in
240 958 377 1034 regiones
397 955 633 1034 quattuordecim
651 955 742 1016 Roma
763 955 916 1035 dividitur,
940 971 1065 1032 quarum
1080 969 1106 1008 10

58 1053 198 1125 quattuor
211 1046 344 1122 integrae
357 1043 525 1123 manebant,
538 1052 600 1104 tres
615 1044 676 1104 solo
691 1053 778 1105 tenus
792 1044 937 1105 deiectae:
951 1051 1065 1119 septem

57 1134 182 1215 reliquis
191 1150 284 1212 pauca
293 1139 442 1193 tectorum
451 1134 571 1210 vestigia
583 1140 767 1212 supererant,
781 1131 878 1193 lacera
887 1139 918 1192 et
927 1138 1065 1191 semusta.

123 1220 176 1284 41.
199 1221 346 1282 llomuum
369 1228 400 1281 et
421 1219 585 1281 insularum
604 1228 634 1280 et
652 1219 842 1299 templorum,
865 1238 941 1299 quae
960 1221 1067 1279 amissa

58 1318 137 1390 sunt,
152 1328 310 1372 numerum
319 1310 395 1368 inire
410 1307 488 1369 haud
502 1315 673 1387 promptum
687 1309 791 1368 inerit:
805 1308 858 1368 scd
868 1308 1068 1368 vetustissima

58 1400 214 1478 religione,
233 1397 311 1476 qnod
328 1397 448 1457 Servius
463 1396 577 1457 Tullius
591 1396 703 1476 Lunae,
723 1404 753 1456 et
770 1413 875 1473 magna
889 1413 939 1455 ara
954 1395 1066 1455 lanum·

61 1507 128 1569 qne,
144 1504 218 1566 quae
232 1487 382 1564 praesenti
396 1483 517 1545 Herculi
528 1485 618 1545 Arcas
628 1484 763 1545 Evander
779 1491 952 1561 sacraverat,
967 1481 1067 1542 aedes·

60 1595 118 1655 que
134 1575 259 1635 Statoris
274 1573 351 1633 louis
365 1581 432 1633 rota
445 1572 570 1634 Romulo
584 1573 755 1653 Numaeque
772 1574 853 1651 regia
867 1580 896 1632 et
911 1570 1067 1631 delubrum
1081 1586 1094 1628 u

58 1664 164 1724 Vestae
185 1680 254 1723 cum
272 1661 432 1722 Penatibus
450 1661 552 1740 populi
570 1660 695 1721 Romani
718 1668 834 1741 exusta,
856 1663 914 1720 iam
933 1678 1005 1739 opes
1023 1666 1068 1719 tot

60 1753 193 1812 victoriis
208 1752 357 1829 quaesitae
372 1757 402 1810 et
416 1749 595 1810 Graecarum
609 1752 718 1810 artium
732 1749 851 1828 decora,
870 1750 947 1808 exim
965 1765 1068 1807 monu-

59 1846 159 1901 menta
172 1841 358 1917 ingeniorum
373 1840 493 1916 antiqua
507 1846 538 1899 et
550 1840 731 1918 incorrupta,
744 1845 780 1898 ot
797 1839 930 1916 quamvis
944 1838 974 1896 in
989 1843 1069 1895 tanta

62 1929 247 2006 resurgentis
265 1925 349 1987 urbis
368 1925 590 2006 pulchritudine
609 1925 701 1987 multa
720 1927 853 1986 seniores
872 1927 1069 2001 meminerint,

61 2035 134 2096 qnae
158 2017 291 2094 reparari
313 2014 483 2094 nequibant.
524 2015 608 2076 luere
631 2016 684 2092 qui
706 2015 881 2075 adnotarent
903 2011 984 2072 Xllll
1006 2011 1068 2071 llal.
1083 2028 1109 2067 ro

49 2104 187 2175 ‚Sextiles
205 2105 385 2183 principium
404 2103 535 2164 incendii
557 2103 648 2164 huius
671 2111 782 2183 ortum,
806 2120 864 2182 quo
887 2109 918 2162 et
937 2101 1069 2160 Senones
1107 2079 1176 2107 ψ

60 2201 176 2272 captam
195 2193 301 2253 urbem
319 2191 573 2253 inflammaverint.
601 2191 651 2252 alii
670 2209 704 2252 eo
724 2209 818 2270 usque
833 2209 904 2251 cura
918 2191 1070 2268 progressi

60 2291 139 2360 sunt,
157 2288 192 2341 ut
204 2281 326 2341 totidem
346 2299 438 2342 annos
457 2298 634 2360 mensesque
653 2287 683 2340 et
701 2280 765 2340 dies
783 2282 862 2340 inter
879 2287 1007 2356 utruque
1025 2279 1069 2338 in·

61 2369 164 2431 cendia
178 2376 343 2429 numerent.

127 2454 179 2517 42.
203 2455 341 2516 Ceterum
359 2454 437 2515 Nero
460 2473 533 2515 usus
552 2463 598 2515 est
615 2458 726 2534 patriae
745 2455 841 2514 ruinis
864 2454 1069 2531 exstruxitque

63 2547 197 2624 domum,
211 2545 241 2603 in
257 2561 314 2622 qua
328 2542 406 2603 haud
420 2542 545 2621 proinde
559 2559 691 2620 gemmae
705 2550 735 2602 et
749 2559 854 2601 aurum
868 2539 1010 2601 miraculo
1025 2556 1070 2600 es-

62 2641 141 2713 sent,
160 2631 244 2693 solita
263 2631 377 2709 pridem
396 2639 427 2691 et
445 2629 516 2690 luxu
535 2630 664 2711 vulgata,
683 2647 771 2708 quam
789 2647 858 2689 arva
876 2636 906 2689 et
924 2636 1025 2704 stagna
1040 2635 1071 2688 et

62 2725 93 2783 in
107 2720 228 2782 modum
243 2719 437 2780 solitudinum
451 2718 520 2778 hinc
535 2718 637 2796 silvae,
651 2717 720 2778 inde
735 2724 835 2796 aperta
851 2719 944 2796 spatia
959 2724 988 2776 et
1002 2734 1069 2795 pro-

63 2817 195 2889 spectus,
214 2809 363 2885 magistris
382 2815 411 2868 et
428 2807 680 2868 machinatoribus
700 2805 808 2866 Severo
828 2813 857 2867 et
876 2804 986 2884 Celere,
1006 2807 1096 2883 qui-o

63 2897 120 2960 bus
138 2899 290 2976 ingenium
310 2903 340 2956 et
357 2894 478 2956 audacia
493 2904 556 2957 erat
575 2898 675 2976 etiam,
690 2912 766 2975 quae
781 2901 884 2954 natura
900 2893 1068 2971 denegavis-

62 2995 120 3068 set,
139 3004 193 3065 per
212 2993 305 3046 artem
323 2991 467 3063 temptare
487 2992 517 3045 et
534 2983 648 3044 viribus
661 2984 805 3062 principis
819 2982 962 3044 inludere.
990 2999 1069 3041 nam-

132 3174 179 3241 40,
198 3179 215 3228 4
232 3172 341 3242 positus
359 3175 449 3227 metue
469 3174 498 3227 et
512 3172 612 3229 Jacob:
652 3172 697 3226 ost
709 3172 801 3225 metus
818 3171 867 3225 ant
882 3171 887 3238 Ι
902 3168 989 3223 rediit
1000 3168 1070 3222 hant

60 3261 122 3302 noa:
150 3243 281 3299 rediebat
304 3247 309 3312 Ι
332 3242 422 3297 levius
450 3243 577 3312 Lipsius:
604 3189 677 3297 debis
706 3240 825 3311 (positus
852 3242 944 3294 metus
971 3240 1069 3292 anctus

62 3315 186 3370 redibat:
206 3331 305 3370 suevus
318 3331 429 3368 rursum
442 3314 545 3380 Haase,
563 3312 672 3384 positus
690 3315 782 3366 metus
800 3311 877 3366 haud
894 3308 984 3364 levius
997 3309 1070 3363 redi-

62 3385 125 3440 bat:
142 3403 260 3440 rursum·
270 3387 479 3455 Bezzenberper,
497 3384 591 3455 posito
609 3386 685 3438 metu
703 3382 816 3437 redibat
833 3381 922 3436 levius
940 3381 1043 3444 Hilter)
1064 3379 1069 3450 l

64 3461 96 3511 11
116 3455 244 3511 detectae
262 3458 410 3513 Acidaliae
434 3459 438 3524 Ι
462 3455 512 3524 41,
533 3463 547 3511 t
572 3453 715 3524 quaesitas
734 3454 847 3508 Ernesti
863 3455 868 3524 Ι
884 3458 900 3507 8
918 3453 951 3506 ut
973 3452 1071 3507 addidi

64 3526 69 3599 Ι
87 3531 119 3582 11
139 3542 195 3596 quo
213 3530 243 3582 et
260 3528 424 3584 Bhenanus:
444 3528 473 3582 et
490 3543 545 3596 quo
561 3526 657 3597 1422
677 3524 794 3596 perinde
809 3525 845 3580 al.
862 3525 867 3595 Ι
884 3525 1076 3594 ttemperere

114 3623 311 3670 recumules
325 3627 344 3668 1.
820 3618 854 3668 22
