2392 3876
109 165 153 231 32
455 165 625 223 CORNELII
641 166 762 223 TACITI

109 315 262 377 subiectus
275 317 396 377 servitio
411 317 513 376 uxoris
523 323 628 376 uterus
637 316 810 377 vaecordem
820 315 955 395 agebant,
966 316 1123 379 volitabat·

83 417 168 484 aque
192 423 245 484 per
262 405 443 485 Cheruscos,
468 422 548 464 arma
572 406 603 464 in
623 403 787 486 Segestem,
811 423 893 465 arma
914 407 946 465 iu
964 403 1123 467 Caesarem

29 571 34 580 ι
108 511 243 573 poscens
271 511 368 571 neque
387 491 508 572 probris
526 492 723 571 temperabat:
742 495 893 572 egregium
912 500 1041 573 patrem,
1061 512 1123 554 ma·

109 601 199 661 guum
218 583 440 662 imperatorem,
463 581 569 641 sortem
595 583 771 661 exercitum,
795 599 923 660 quorum
946 589 992 642 tot
1015 598 1123 643 manus

109 689 197 732 unam
212 669 416 731 mulierculam
435 671 594 729 avexerint
623 667 681 729 sibi
695 677 758 729 tres
775 669 918 750 legiones,
937 669 1064 730 totidem
1082 670 1122 732 le·

109 767 192 837 gatos
210 756 420 838 procubuisse3
444 775 503 818 non
525 758 604 817 cuim
625 775 657 817 se
675 757 958 837 proditionemque
976 757 1123 821 adsersus

71 860 96 900 ro
110 848 233 907 laminas
251 846 399 925 gravidas,
423 845 475 906 sed
499 845 594 925 palam
617 845 759 906 adversus
779 854 907 906 armatos
927 845 1038 907 bellum
1063 855 1122 907 tra·

110 943 199 995 ctare
223 935 305 994 cerui
319 933 415 994 adhuc
430 933 644 994 Germanorum
658 935 689 993 iu
703 934 779 994 lucis
792 936 875 1013 sigua
889 933 1028 1015 Romana,
1045 953 1122 1014 quae

110 1023 155 1083 dis
172 1024 276 1100 patriis
295 1022 492 1101 suspenderit.
520 1021 632 1083 coleret
646 1021 784 1101 Segestes
802 1024 909 1083 victam
926 1024 1036 1102 ripam,
1056 1024 1122 1084 red·

110 1111 194 1171 deret
208 1109 267 1170 lilio
287 1110 484 1171 sacerdotium
502 1109 668 1171 hominum:
687 1110 849 1172 Germanos
866 1128 1028 1189 numquam
1049 1114 1123 1173 satis

110 1205 317 1277 excusaturos,
336 1198 415 1278 quod
435 1200 514 1259 inter
531 1197 627 1258 Albim
646 1206 676 1259 et
689 1199 825 1260 Rhenum
840 1201 937 1278 virgas
952 1205 983 1258 ct
997 1217 1123 1261 secures

70 1299 96 1342 rs
110 1295 140 1348 et
157 1294 255 1364 togam
274 1287 409 1348 viderint.
446 1286 511 1347 aliis
529 1286 667 1366 gentibus
686 1289 851 1366 ignorantia
869 1288 976 1365 imperi
995 1285 1123 1350 Romani

109 1378 261 1454 inexperta
280 1393 346 1436 esse
365 1375 518 1455 supplicia,
537 1377 637 1436 nescia
651 1375 776 1436 tributa:
795 1394 871 1454 quae
889 1376 1030 1454 quoniam
1051 1394 1123 1438 exu-

109 1467 187 1524 erint
204 1465 372 1543 inritusque
391 1463 563 1524 discesserit
580 1463 629 1523 ille
648 1465 727 1524 inter
745 1466 866 1525 numina
885 1463 1002 1524 dicatus
1019 1464 1122 1545 Augu

110 1563 186 1630 stus,
201 1551 249 1613 ille
264 1553 397 1614 delectus
411 1552 557 1631 Tiberius,
575 1570 612 1612 ue
627 1554 787 1630 inperitum
802 1551 1072 1633 adulescentulum,
1085 1570 1123 1614 ne

109 1643 283 1703 seditiosum
302 1643 467 1701 exercitum
485 1648 686 1717 pavescerent.
714 1642 739 1700 si
754 1632 878 1719 patriam
893 1647 1033 1719 parentes
1047 1645 1123 1702 anti·

69 1741 95 1782 2⁰
109 1749 166 1809 qua
181 1729 301 1790 mallent
315 1748 403 1809 quam
418 1728 554 1788 dominos
571 1736 601 1788 et
617 1727 747 1789 colonias
765 1746 869 1809 novas,
883 1728 1053 1788 Arminium
1072 1748 1123 1808 po

108 1822 168 1878 tius
187 1816 297 1894 gloriae
316 1835 350 1878 ac
368 1816 513 1877 libertatis
533 1834 621 1894 quam
641 1816 794 1894 Segestem
811 1815 973 1895 llagitiosae
993 1819 1122 1879 servitu·

108 1908 147 1965 tis
161 1905 268 1964 ducem
284 1913 490 1982 sequerentur.

173 1989 224 2052 60.
243 1992 358 2053 Conciti
370 2011 424 2071 per
436 1993 509 2053 haec
519 2011 579 2053 non
588 1994 676 2054 modo
686 1993 839 2073 Cherusci,
853 1992 906 2054 sed
916 1995 1123 2055 conterminae

108 2087 226 2160 gentes,
248 2087 420 2159 tractusque
443 2084 474 2141 in
495 2084 587 2160 partis
610 2081 817 2160 Inguiomerus
835 2081 962 2142 Arminii
983 2088 1124 2164 patruus,

110 2176 208 2229 vetere
222 2167 299 2246 apud
315 2169 462 2230 Romanos
476 2172 665 2251 auctoritate3
680 2169 758 2230 tunde
772 2171 866 2229 maior
878 2168 997 2230 Caesari
1009 2179 1121 2232 metus.

108 2266 138 2317 et
152 2274 189 2317 ne
204 2256 313 2317 bellum
328 2257 404 2317 mole
420 2275 477 2318 una
491 2259 656 2338 ingrueret,
674 2257 828 2319 Caecinam
843 2275 910 2318 cum
925 2256 1123 2336 quadraginta

82 2344 282 2406 scohonibus
296 2344 435 2405 Romanis
449 2345 640 2406 distrahendo
659 2344 739 2407 hosti
757 2364 811 2424 per
829 2345 990 2406 Bructeros
1008 2347 1047 2406 ad
1068 2346 1123 2408 llu-

108 2451 175 2493 meu
190 2432 331 2493 Amisiam
349 2435 448 2512 mittit,
469 2435 599 2511 equitem
613 2433 691 2494 Pedo
706 2434 874 2512 praelectus
889 2432 998 2493 tinibus
1008 2431 1123 2496 Frisio-

108 2540 174 2582 rum
193 2522 284 2583 ducit.
311 2524 376 2599 ipse
394 2523 537 2600 inpositas
555 2522 679 2583 navibus
698 2530 838 2601 quattuor
856 2521 987 2599 legiones
1005 2539 1063 2599 per
1081 2523 1123 2584 la-

108 2628 162 2670 cus
184 2613 276 2690 vexit3
304 2608 451 2689 simulque
473 2610 565 2687 pedes
589 2628 680 2690 eques
704 2609 808 2670 classis
831 2609 908 2688 apud
931 2609 1123 2687 praedictum

108 2715 224 2758 amnem
234 2716 407 2758 convenere.
431 2697 543 2758 Chauci
558 2717 625 2760 cum
640 2697 748 2759 auxilia
761 2696 983 2776 pollicerentur,
997 2699 1030 2758 in
1041 2717 1122 2760 com·

69 2799 94 2838 ιο
108 2784 245 2846 militium
264 2785 369 2846 adsciti
388 2793 466 2846 suut.
503 2786 664 2847 Bructeros
685 2805 738 2847 sua
760 2789 874 2847 urentis
893 2784 1030 2864 expedita
1051 2806 1122 2849 eum

109 2891 195 2932 manu
207 2872 237 2933 L.
249 2872 409 2934 Stertinius
420 2876 514 2934 missu
524 2873 692 2935 Germanici
706 2875 795 2954 ludit,
809 2877 947 2952 interque
957 2873 1081 2936 caedem
1091 2886 1123 2937 et

107 2961 246 3039 praedam
261 2964 394 3040 repperit
409 2962 665 3025 undevicensimae
679 2962 805 3040 legionis
819 2962 946 3042 aquilam
960 2979 1031 3022 cum
1043 2961 1123 3027 Varo

178 3148 223 3215 59,
244 3155 276 3202 13
295 3147 439 3202 hominum
459 3151 536 3218 (corr.
556 3147 722 3216 hominem):
742 3149 898 3204 Romanum
918 3149 953 3204 F.
972 3149 1008 3206 A.
1034 3149 1122 3220 Wolf,

107 3218 231 3272 hostium
248 3220 408 3288 Nsppcrdeg
429 3236 463 3274 ea
481 3221 576 3288 priore
598 3221 754 3274 conectere
775 3237 849 3286 naeo;
867 3225 1010 3289 proestare
1027 3226 1124 3278 tamen

107 3291 196 3344 cisum
214 3296 252 3344 est
270 3291 408 3345 lectionem
426 3293 558 3344 intutam
575 3288 720 3343 hominum
734 3307 849 3356 seruarc,
867 3291 886 3344 ι’.
902 3307 924 3345 e.
938 3291 1124 3348 sacerdotium

108 3360 235 3415 Caesaris
257 3367 283 3416 ct
300 3362 430 3429 Augusti,
457 3376 513 3415 non
540 3376 663 3415 numum
690 3362 813 3424 deorum
841 3361 875 3426 cf.
895 3362 976 3414 etiam
994 3361 1123 3432 Spengel,

107 3429 132 3483 I.
152 3431 232 3486 Buclr
254 3432 302 3486 der
325 3433 455 3486 Annalen
475 3447 503 3498 p.
523 3433 559 3484 31
582 3432 587 3499 Ι
612 3436 645 3484 14
668 3432 859 3484 exsecraturoa
887 3430 983 3485 Wurm
1007 3432 1012 3501 Ι
1037 3433 1084 3501 60,
1106 3442 1122 3490 3

107 3499 205 3568 ueteri,
225 3518 272 3556 cm.
296 3501 455 3573 Wesenberg
470 3502 474 3573 Ι
491 3506 507 3555 8
526 3500 630 3555 classes
658 3517 695 3555 em
725 3501 839 3553 sancino
