2392 3876
286 247 335 300 AB
354 247 514 302 EXCESSU
531 247 687 304 AUGUSTI
705 249 725 305 L
746 254 858 304 'lt-81.
1039 247 1082 312 43

74 398 200 478 varisse,
219 396 338 475 quidam
352 396 475 476 invidia,
493 414 531 456 ne
545 397 647 475 plures
661 398 846 478 fruerentur,
865 405 935 458 sunt
953 399 1005 476 qui
1024 398 1083 457 exi-

75 488 203 564 stiment,
218 492 252 545 nt
266 483 404 545 callidum
418 487 483 546 cius
497 487 662 564 ingenium,
675 487 715 546 ita
730 488 849 546 anxium
863 485 1020 566 iudicium,
1034 502 1083 546 ne-

75 592 133 653 que
152 576 230 633 enim
246 575 404 634 eminentis
417 574 543 633 virtutes
558 572 739 653 sectabatur,
753 582 783 635 et
797 591 917 635 rursum
932 576 1001 633 vitia
1016 572 1083 633 ode·
1188 608 1194 618 ·

74 668 133 722 rat:
154 680 189 721 ex
205 663 324 740 optimis
337 660 504 740 periculum
518 661 587 743 sibi,
606 681 624 722 a
636 664 774 741 pessimis
788 663 918 723 dedecus
932 661 1084 740 publicum

74 749 231 810 metuebat.
265 767 323 829 qua
344 749 545 810 haesitatione·
560 758 711 829 postremo
731 769 768 811 eo
789 759 948 829 provectus
969 757 1028 830 est,
1050 757 1124 810 ut1⁰

75 838 258 899 mandaverit
272 836 448 916 quibusdam
462 841 639 919 provincias,
653 857 728 918 quos
743 839 845 918 egredi
858 838 932 899 urbe
948 856 1006 898 non
1021 846 1084 898 erat

74 944 225 1006 passurus.

142 1013 192 1076 81.
208 1014 249 1074 De
259 1016 387 1075 comitiis
396 1013 611 1095 consularibus,
626 1034 701 1094 qnae
717 1024 781 1076 tum
795 1018 925 1094 primum
938 1013 989 1075 illo
1004 1017 1084 1092 prin·

75 1105 140 1182 cipe
155 1120 189 1163 ac
203 1103 344 1180 deinceps
358 1102 450 1182 tuere,
464 1103 512 1162 vix
526 1103 685 1182 quicquam
700 1104 818 1163 firmare
832 1105 939 1164 ausim:
954 1102 1027 1162 adeo
1042 1102 1084 1162 di-

75 1209 160 1252 versa
178 1209 238 1251 non
257 1191 344 1251 modo
358 1191 436 1269 apud
450 1198 596 1271 auctores,
615 1191 667 1252 sed
686 1194 717 1251 in
731 1193 826 1270 ipsius
840 1191 1024 1253 orationibus
1039 1207 1084 1250 re-

75 1280 241 1358 periuntur.
258 1279 346 1340 modo
356 1278 517 1340 subtractis
527 1278 929 1341 candidatorumnominibus
939 1281 1084 1358 originem

77 1369 223 1447 cuiusque
237 1373 267 1427 et
281 1369 370 1428 vitam
384 1375 414 1428 et
428 1367 575 1445 stipendia
588 1369 760 1448 descripsit,
774 1375 808 1428 ut
822 1371 875 1447 qui
888 1366 986 1429 forent
1000 1366 1083 1428 intel·
1098 1378 1111 1418 ⁶

76 1455 238 1536 legeretur,
257 1455 414 1535 aliquando
428 1475 462 1515 ca
476 1471 595 1535 quoque
614 1456 827 1535 significatione
847 1457 997 1517 subtracta
1018 1473 1084 1516 can·

77 1545 191 1606 didatos
206 1544 350 1624 hortatus,
365 1561 402 1604 ne
417 1544 529 1604 ambitu
545 1546 662 1604 comitia
676 1537 840 1622 turbarent,
855 1536 983 1604 suam'ad
995 1544 1024 1603 id
1035 1561 1084 1604 cu-

77 1651 140 1693 ram
158 1632 308 1710 pollicitus
327 1640 380 1693 est.
409 1631 583 1711 plerumque
602 1650 652 1692 eos
667 1639 782 1692 tanunn
796 1631 872 1710 apud
888 1649 920 1691 se
935 1633 1085 1710 prolessos

77 1721 227 1801 disseruit,
242 1738 369 1800 quorum
380 1722 498 1781 nomina
513 1719 685 1781 consulibus
699 1720 853 1800 edidisset;
868 1737 954 1798 posse
970 1727 999 1780 et
1013 1719 1085 1779 alios

77 1810 225 1889 profiteri,
245 1811 270 1870 si
289 1810 401 1887 gratiae
420 1815 471 1869 aut
485 1811 599 1870 meritis
614 1809 810 1871 confiderent:
829 1807 1125 1888 speciosaverbis,10

78 1916 110 1958 re
129 1899 227 1958 inania
246 1905 297 1958 aut
316 1896 452 1976 subdola,
476 1906 646 1976 quantoque
665 1899 775 1958 maiore
795 1896 940 1957 libertatis
959 1898 1085 1977 imagine

79 1985 267 2067 tegebantur,
282 1993 363 2047 tanto
380 1996 522 2066 eruptura
537 1986 573 2047 ad
589 1987 735 2047 intensius
750 1987 913 2048 servitium.
