2392 3876
108 158 152 222 30
348 151 352 157 ’
454 155 623 212 CORNELII
637 155 760 211 uncini

175 302 226 367 56.
249 304 343 382 Igitur
357 303 550 366 Germanicus
564 312 705 384 quattuor
721 304 866 387 legiones,
884 309 1018 387 quinque
1037 313 1119 371 auxi·

108 393 224 454 iiarium
241 393 321 453 milia
337 402 367 454 et
383 393 591 454 tumultuarias
606 401 739 454 catervas
753 394 969 456 Germanorum
982 399 1028 457 cis
1044 397 1119 460 bibe

108 500 180 543 num
198 481 358 543 colentium
377 481 518 542 Caecinae
537 481 640 562 tradit3
662 481 785 542 totidem
803 481 949 564 legiones,
968 484 1119 563 duplicem

109 573 257 632 sociorum
276 589 434 631 numerum
453 573 517 648 ipse
536 569 631 650 ducit,
648 572 806 650 positoque
824 571 946 633 castoiio
962 591 1057 651 super
1072 594 1119 636 ve·

83 679 95 718 e
110 662 195 737 stigio
209 662 325 737 paterni
339 659 478 737 praesidii
492 661 522 719 in
537 665 636 718 monte
651 657 754 719 Tauno
768 658 938 738 expeditum
952 665 1119 726 exercitum

109 751 140 808 in
155 748 275 808 Chattos
290 749 380 827 rapit,
398 747 431 806 L.
445 747 574 825 Apronio
593 746 629 807 ad
647 749 827 808 munitiones
840 749 955 809 viarum
974 758 1006 811 et
1023 751 1120 812 flumi-

108 854 181 896 num
195 834 306 895 reiicto.
330 852 398 895 nam
414 828 531 917 (rarum
544 833 589 895 ilb
601 831 697 915 caeto)
713 837 845 897 siccitate
859 844 890 897 et
904 837 1046 900 amnibus
1061 859 1120 901 mo·

109 923 184 984 dicis
202 923 377 983 inoiiensum
397 926 454 984 iter
472 931 696 1003 properaverat,
717 923 887 1004 imbresque
909 931 940 985 et
960 925 1120 1000 fluminum

108 1019 214 1072 auctus
228 1011 408 1090 regredienti
422 1011 638 1072 metuebantur.
666 1011 718 1072 sed
732 1010 846 1072 Chattis
860 1011 932 1097 adeo
947 1015 1120 1094 inprovisus

70 1120 95 1158 ιο
109 1100 239 1179 advenit,
263 1107 296 1160 ut
317 1099 395 1178 quod
416 1099 597 1178 imbecillum
617 1107 713 1160 aetate
733 1118 768 1161 ac
788 1118 861 1162 sexu
879 1104 980 1163 statim
998 1116 1120 1184 captum

109 1195 160 1249 aut
174 1187 356 1248 trucidatum
370 1189 416 1247 sit.
440 1189 579 1249 iuventus
592 1188 703 1249 ssumen
712 1188 857 1250 Adranam
871 1190 970 1251 nando
984 1197 1120 1255 tramine

109 1287 163 1356 rat,
177 1274 383 1355 Romanosque
394 1283 516 1354 pontem
525 1279 690 1356 coeptantis
699 1277 847 1339 arcebant.
875 1277 944 1339 dein
959 1286 1120 1344 tormentis

109 1367 282 1444 sagittisque
296 1363 388 1445 pulsi,
407 1367 557 1443 temptatis
571 1365 682 1426 frustra
695 1365 920 1427 condicionibus
932 1370 1033 1450 pacis,
1053 1389 1120 1432 cum

109 1454 228 1533 quidam
249 1453 285 1514 ad
304 1451 512 1514 Germanicum
532 1453 745 1534 perfugissent,
769 1454 877 1532 reliqui
896 1457 1018 1518 omissis
1037 1453 1121 1538 pa'gis

70 1545 241 1622 laticisque
265 1542 405 1604 insilias
426 1542 646 1620 disperguntur.
683 1541 790 1603 Caesar
808 1545 929 1603 incenso
948 1542 1057 1607 Mattio
1078 1542 1120 1630 (id

109 1635 190 1710 genti
209 1626 312 1713 caput)
331 1638 431 1710 aperta
451 1630 610 1708 populatus
628 1633 719 1691 vertit
737 1630 773 1691 ad
792 1630 940 1712 Rhenum,
964 1650 1026 1694 non
1049 1653 1121 1696 auso

108 1721 193 1781 hoste
212 1730 295 1798 terga
314 1719 486 1781 abeuntium
504 1718 662 1798 lacessere,
686 1719 765 1798 quod
786 1719 830 1779 illi
850 1721 954 1800 moris,
978 1727 1123 1800 quotiens

109 1820 175 1869 astu
191 1812 284 1886 magis
301 1826 388 1886 quam
405 1826 460 1886 per
476 1807 663 1867 formidinem
678 1810 776 1868 cessit.
803 1808 899 1868 iuerat
912 1811 1033 1871 animus
1048 1811 1121 1874 Cbe·

110 1898 206 1957 ruscis
220 1899 320 1956 iuvare
335 1896 468 1974 Chattos,
487 1895 539 1955 sed
558 1897 703 1956 exterruit
716 1895 840 1956 Caecina
856 1896 915 1956 buc
931 1896 1002 1958 illuc
1018 1899 1121 1962 ferens

70 2002 95 2040 co
110 2002 202 2062 arma,
222 1991 252 2042 et
265 1982 378 2043 Marsos
392 1985 534 2062 congredi
547 2002 634 2044 ausos
648 2001 792 2062 prospero
805 1985 919 2062 proelio
933 1985 1082 2050 cohibuit.

175 2067 226 2131 57.
249 2070 351 2150 Neque
372 2072 465 2132 multo
485 2081 554 2153 post
574 2072 663 2151 iegati
687 2091 703 2132 a
727 2072 849 2150 Segeste
872 2073 1121 2139 venerunt'auxi·

15 2176 22 2189 ·
108 2160 180 2220 lium
199 2165 320 2224 orantes
336 2160 478 2221 adversus
496 2163 555 2221 vim
575 2159 775 2240 popularium,
797 2179 813 2220 a
832 2163 899 2240 quis
918 2163 1120 2227 circumsede-

109 2249 204 2328 batur,
218 2246 359 2307 validiore
374 2248 451 2326 apud
466 2267 517 2309 eos
528 2249 669 2328 Arminio,
684 2252 823 2327 quoniam
836 2249 946 2310 bellum
961 2252 1121 2315 suadebat:

110 2355 177 2397 nam
201 2335 347 2416 barbaris,
366 2344 476 2414 quanto
498 2340 565 2416 quis
585 2337 707 2397 audacia
726 2345 895 2417 promptuS,
918 2346 1000 2398 tanto
1025 2344 1122 2422 magis

83 2425 186 2485 otidus
205 2423 354 2503 rebusque
373 2427 461 2485 motis
477 2418 575 2504 potior
590 2423 725 2486 babetur.
753 2422 906 2486 addiderat
920 2426 1062 2504 Segestes
1080 2429 1120 2491 le

110 2516 184 2592 gatis
207 2513 313 2594 tilium,
336 2514 455 2574 nomine
474 2509 700 2591 Segimundum:
724 2514 775 2573 sed
798 2517 913 2575 invenis
936 2520 1121 2581 conscientia

109 2602 311 2663 ourtctabatur.
344 2604 453 2681 quippe
476 2619 553 2662 anno
576 2620 636 2681 quo
655 2600 827 2662 Germaniae
848 2603 999 2664 descivere
1021 2623 1121 2668 sacer·

109 2690 163 2750 dos
182 2690 359 2776 apudoaram
374 2688 516 2750 Ubiorum
530 2699 648 2751 creatus
664 2698 786 2768 ruperat
799 2693 898 2771 vittas,
917 2692 1066 2771 proiugus
1084 2696 1121 2759 ad

109 2777 243 2838 rebelles.
271 2779 416 2839 adductus
434 2787 532 2838 tamen
551 2780 582 2838 in
601 2797 684 2858 spem
700 2778 872 2839 clementiae
887 2780 1036 2842 Romanae
1052 2802 1121 2863 per·

70 2883 96 2922 10
111 2865 177 2926 tulit
193 2869 286 2944 patris
301 2866 436 2927 mandata
450 2866 636 2947 benigneque
651 2875 793 2945 exceptus
807 2885 877 2928 cum
889 2869 1039 2947 praesidio
1055 2871 1120 2933 Gal·

109 2955 195 3016 licam
214 2957 244 3014 in
262 2957 356 3033 ripam
371 2957 480 3017 missus
498 2964 551 3016 est.
579 2954 754 3016 Germanico
772 2959 902 3033 pretium
921 2957 977 3017 suit
996 2974 1122 3022 eonver-

110 3052 173 3104 tere
188 3061 305 3122 agmen,
324 3053 546 3123 pugnatumque
560 3046 591 3104 in
606 3043 781 3123 obsidentia,
799 3051 829 3103 et
843 3053 964 3123 ereptus
979 3044 1122 3124 Segestes

110 3151 213 3211 magna
229 3150 296 3193 cum
310 3134 546 3210 propinquorum
561 3140 590 3191 et
607 3131 759 3193 clientium
776 3149 873 3192 mann.
901 3135 1018 3193 inerant
1036 3137 1123 3199 femi·

112 3239 165 3281 nae
180 3220 304 3300 nobiles,
320 3221 399 3281 inter
413 3238 487 3298 quas
501 3238 576 3281 iiior
590 3221 715 3280 Arminii
729 3220 889 3297 eademqne
904 3220 962 3281 filia
978 3221 1123 3307 Segestis,

182 3425 255 3493 iiie
269 3426 455 3492 metuebatur,
465 3442 511 3482 em.
522 3425 637 3495 Lipsius
653 3428 656 3488 Ι
674 3430 705 3479 11
720 3421 883 3492 immiserit,
897 3441 944 3481 em.
955 3425 1122 3503 Acidaliosl

112 3497 157 3564 di,
177 3503 193 3550 5
212 3497 351 3565 rebusque
370 3496 454 3551 motis
473 3495 600 3566 Lipsius:
619 3495 695 3550 rebus
729 3494 867 3548 commotis
