2392 3876
130 187 176 252 20
482 185 651 241 CORNELII
668 185 786 242 TACITI

130 354 198 397 rum
218 354 251 397 ao
270 337 400 415 propriis
419 335 588 396 nominibus
605 337 745 396 incusant
768 335 888 418 vallum,
911 337 1019 417 fossas,
1043 338 1145 416 pabuli

130 427 271 485 materiae
286 424 432 502 lignorum
452 424 604 502 adgestus,
624 431 654 483 et
667 425 692 483 si
707 442 765 502 qna
780 424 833 484 alia
849 443 884 486 ex
899 426 1078 487 necessitate
1094 437 1147 489 aut

132 513 273 574 adversus
292 516 385 574 otium
401 520 566 573 castrorum
585 519 778 590 quaeruntur.
807 515 1011 577 atrocissimus
1031 523 1145 576 vetera·

133 619 240 662 norum
256 600 366 662 clamor
381 601 545 680 oriebatur,
561 601 612 678 qui
632 602 744 660 tricena
759 607 809 660 aut
824 619 913 679 supra
928 603 1076 680 stipendia
1091 622 1146 666 nu-

93 702 119 741 10
132 698 289 768 merentes,
304 689 474 749 mederetur
494 690 593 765 iessiS,
614 705 672 748 neu
688 698 811 748 mortem
827 691 858 748 in
873 689 966 750 isdem
981 689 1146 772 laboribus,

133 779 185 839 sed
200 778 288 837 linem
303 785 362 837 tam
378 778 524 837 exercitae
544 775 666 836 militiae
681 794 777 854 neque
791 779 910 856 inopem
924 781 1060 858 requiem
1081 800 1146 842 ora-

131 865 211 926 bant.
239 866 321 925 luere
341 868 428 925 etiam
448 867 499 943 qui
518 863 641 942 legatam
656 883 672 924 a
687 864 753 924 divo
768 863 900 943 Augusto
920 870 1079 943 pecuniam
1100 889 1146 930 re·

131 962 302 1032 poscerent,
322 954 426 1013 faustis
441 955 471 1012 in
486 952 693 1012 Germanicum
708 952 870 1034 ominibus;
889 960 920 1015 et
938 956 964 1014 si
982 955 1072 1016 vellet
1092 959 1146 1018 im-

131 1044 261 1120 perium,
279 1049 431 1119 promptas
451 1059 501 1101 res
519 1048 712 1101 ostentavere.
740 1048 803 1101 tum
822 1060 906 1123 vero,
925 1045 1011 1121 quasi
1030 1046 1146 1107 scelere

92 1142 118 1184 1⁵
132 1131 391 1209 contaminaretur,
406 1146 548 1207 praeceps
562 1127 704 1188 tribunali
718 1128 845 1189 desiluit.
875 1141 1082 1208 opposuerunt
1097 1134 1146 1195 ab·

132 1221 215 1278 eunti
234 1235 327 1297 arma,
347 1219 530 1296 miditantes,
550 1217 579 1276 ni
601 1217 824 1298 regrederetur3
847 1225 877 1278 at
894 1219 943 1278 ille
962 1223 1146 1283 moriturum

131 1309 332 1386 potiusquam
352 1307 439 1366 fidem
455 1314 577 1365 exueret
590 1303 752 1385 clamitans,
768 1306 880 1366 ierrum
890 1325 906 1367 a
917 1307 1007 1368 latere
1018 1309 1147 1389 diripuit

131 1395 299 1473 elatumque
314 1394 464 1456 deferebat
479 1396 509 1453 in
523 1402 641 1472 pectus,
660 1395 691 1452 ni
710 1396 837 1472 proximi
855 1412 991 1473 prensam
1008 1397 1146 1460 dextram

131 1486 160 1544 vi
174 1483 380 1570 adtinuissent.
404 1491 535 1544 extrema
549 1491 579 1542 et
593 1480 765 1559 conglobata
780 1485 858 1542 inter
873 1502 905 1543 se
915 1501 984 1561 pars
994 1489 1145 1549 contionis

92 1585 118 1624 2⁰
132 1591 178 1652 ac,
203 1575 249 1632 rix
269 1571 411 1633 credibile
434 1572 528 1650 dictu,
553 1570 671 1649 qnidam
691 1570 800 1648 singuli
818 1574 941 1650 propius
960 1573 1145 1657 incedentes,

131 1662 233 1722 feriret
249 1661 458 1740 hortabantur3
477 1667 507 1719 et
525 1658 609 1718 miles
623 1660 742 1718 nomine
757 1658 924 1719 Calusidius
939 1663 1079 1722 strictum
1095 1664 1146 1725 ob-

131 1750 199 1811 tulit
214 1749 351 1826 gladium,
366 1748 465 1806 addito
480 1749 642 1806 acutiorem
657 1764 731 1806 esse.
760 1765 878 1807 saevum
894 1747 922 1808 id
937 1747 1068 1828 malique
1084 1771 1145 1813 mo-

130 1841 173 1897 ris
194 1839 282 1897 etiam
303 1834 471 1895 furentibus
492 1836 600 1914 risum,
621 1853 655 1895 ac
677 1837 804 1914 spatium
824 1836 888 1915 fuit,
908 1853 967 1915 quo
982 1835 1094 1900 Caesar
1109 1841 1145 1902 ab

131 1926 232 1984 amicis
246 1926 277 1982 in
292 1922 514 1983 tabernaculum
530 1930 693 2001 raperetur.
1054 1926 1067 1951 ·

197 2009 248 2071 36.
268 2010 470 2071 Consultatum
490 2010 582 2071 ibide
597 2012 741 2091 remedio;
761 2013 870 2072 etenim
885 2012 1081 2075 nuntiabatur
1096 2036 1144 2096 pa·

131 2101 192 2160 rari
206 2098 326 2178 legatos,
342 2101 393 2178 qui
404 2101 586 2177 superiorem
598 2101 761 2160 exereitum
772 2100 807 2159 ad
819 2118 936 2161 causam
949 2102 1075 2163 eandem
1088 2114 1144 2166 tra·

131 2188 251 2248 herent:
275 2187 454 2248 destinatum
478 2188 590 2248 excidio
611 2187 755 2248 Ubiorum
778 2188 928 2268 oppidum,
951 2190 1144 2272 imbutasque

130 2276 238 2355 praeda
261 2293 365 2335 manus
385 2278 415 2335 in
435 2276 630 2354 direptionem
646 2274 804 2336 Galliarum
819 2285 986 2354 erupturas.
1015 2282 1144 2358 augebat

103 2375 116 2415 ⁵
130 2373 241 2425 metum
256 2382 366 2441 gnarus
379 2363 526 2423 Romanae
541 2365 695 2424 seditionis
709 2371 751 2437 et,
767 2366 793 2425 si
807 2367 996 2426 omitteretur
1009 2369 1086 2448 ripa,
1100 2373 1143 2431 in·

130 2471 255 2513 rasurus
276 2453 383 2512 hostis:
404 2460 434 2512 at
455 2455 480 2512 si
500 2452 607 2512 auxilia
629 2459 659 2512 et
679 2454 753 2513 socii
773 2452 928 2514 adversum
953 2452 1143 2519 abscedentis

129 2541 260 2620 legiones
279 2548 479 2620 armarentur,
500 2541 585 2600 civile
604 2540 714 2600 bellum
729 2543 849 2619 suscipi.
877 2541 1044 2620 periculosa
1060 2563 1143 2608 seve·

129 2632 215 2707 ritas,
233 2629 376 2707 flagitiosa
396 2630 525 2706 largitio:
545 2647 598 2689 seu
617 2629 689 2689 nihil
708 2628 795 2689 militi
809 2631 870 2689 sive
884 2633 982 2690 omnia
996 2635 1144 2696 concede-

129 2725 247 2797 rentur,
268 2720 300 2777 in
319 2719 438 2796 ancipiti
459 2715 652 2795 respublica.
681 2719 772 2795 igitur
792 2716 930 2778 volutatis
949 2721 1029 2779 inter
1047 2740 1083 2782 se
1099 2741 1143 2784 ra-

92 2819 117 2859 ro
131 2804 263 2866 tionibus
277 2804 418 2883 placitum
433 2813 466 2866 ut
480 2805 624 2884 epistulae
634 2807 752 2866 nomine
767 2807 911 2885 principis
922 2806 1143 2872 scriberentur:

129 2895 301 2954 missionem
315 2893 380 2954 dari
393 2896 495 2954 vicena
510 2895 656 2973 stipendia
671 2896 794 2973 meritis,
809 2897 995 2955 exauctorari
1006 2898 1060 2975 qui
1071 2918 1143 2960 sena

200 3097 246 3163 35,
260 3103 292 3152 10
306 3097 452 3152 laboribus
468 3098 577 3154 obirent
591 3099 704 3155 Ernesti
719 3101 723 3167 Ι
742 3105 774 3153 14
788 3101 932 3170 promptas
947 3116 991 3154 res
1005 3101 1142 3159 Woltber:

129 3170 273 3240 promptas
298 3170 466 3238 (promptos,
489 3171 634 3239 promptos
663 3184 704 3236 se,
730 3171 862 3238 prompta
886 3172 947 3237 alia)
970 3172 1004 3234 cf.
1030 3177 1082 3243 12,
1106 3179 1144 3247 1?

130 3240 235 3294 Carene
254 3241 405 3309 promptas
428 3256 472 3293 res
496 3242 655 3294 ostentante
676 3243 681 3308 Ι
704 3246 735 3294 lb
760 3242 948 3309 opposuerant
966 3242 1063 3298 Hoose
1083 3249 1088 3312 Ι
1111 3251 1143 3301 l'l

130 3309 253 3379 deripuit
269 3310 424 3365 Beroaldus
448 3312 453 3378 Ι
478 3311 696 3365 reaccedentes
716 3311 844 3365 Muretus
867 3313 872 3378 Ι
894 3311 940 3378 36,
959 3316 975 3364 8
995 3313 1053 3368 sive
1079 3315 1144 3375 Joc.

132 3380 299 3436 Graeculos:
332 3381 386 3436 sibi
410 3383 415 3446 Ι
440 3380 659 3435 concederentur
686 3380 849 3434 Rhenanus:
874 3381 1061 3437 concedentur
1080 3388 1146 3453 (loci

129 3452 201 3506 ratio
219 3452 285 3505 boec
302 3467 356 3507 esse
373 3453 493 3507 uidetur:
521 3453 553 3505 ut
577 3450 650 3504 nihil
673 3449 759 3504 militi
778 3452 827 3505 aut
844 3453 877 3504 ut
895 3452 989 3507 omnia
1008 3456 1144 3512 concede-

129 3523 234 3590 rentur,
252 3523 283 3576 in
301 3521 419 3592 ancipiti
438 3523 499 3576 erat
516 3538 560 3576 res
578 3521 703 3576 publica*
