2392 3876
110 142 175 206 130
456 137 624 194 CORNELII
641 138 761 195 TAOlTl

110 289 261 351 Carsidius
280 288 437 393 Sacerdos,
460 307 530 349 rens
549 296 699 368 tamquam
716 290 865 351 frumento
884 289 1004 352 hostem
1023 292 1129 356 Tacfa-

110 381 235 439 rinatem
258 381 382 439 iuvisset
386 377 592 459 ,absolvitur,
616 377 807 457 eiusdemque
830 379 1016 443 criminisC
1036 381 1129 444 Grac·

70 468 192 530 rochus.
216 467 296 528 hunc
311 471 448 528 comitem
463 464 542 526 exilii
555 466 714 527 admodum
727 467 870 528 infantem
883 475 968 547 pater
985 468 1129 550 Sempro·

110 558 178 616 nius
192 559 222 616 in
236 555 362 616 insulam
376 555 530 615 Cercinam
543 554 660 615 tulerat
688 554 747 615 illic
762 555 844 616 adult
832 563 880 617 tus
893 559 972 618 inter
987 565 1129 621 extorres

110 654 140 707 ot
158 644 324 705 liberabum
344 645 450 703 artium
471 646 600 724 nescios,
628 660 697 702 mox
715 662 769 722 per
787 645 927 705 Alrioam
936 663 971 706 ae
992 645 1128 709 Siciliam

109 734 250 794 mutando
270 731 403 793 sordidas
422 749 536 792 merces
555 731 789 812 sustentabatur;
812 751 908 812 neque
932 742 1033 795 tamen
1055 737 1128 799 eliu·

113 824 156 900 git
169 838 291 898 magnae
305 820 440 880 fortunae
455 820 595 897 pericula.
617 838 651 880 ac
665 823 696 880 ni
709 820 810 882 Aelius
825 821 924 883 Lamia
939 821 1015 885 eth.
1030 824 1128 903 Apro-

71 931 96 972 ιι
110 912 190 989 nius,
210 910 262 987 qui
275 907 403 969 Airioam
418 907 619 990 obtinuerant,
638 911 786 969 insontem
804 913 1019 992 protexissent,
1040 912 1128 975 clari-

110 997 212 1057 tudine
232 996 352 1056 infausti
370 999 488 1075 generis
506 1004 536 1056 et
554 998 686 1075 paternis
705 998 835 1058 adversis
854 998 931 1059 ioret
944 997 1127 1064 abstractus.

161 1082 228 1145 -14,
256 1083 284 1144 Is
312 1103 429 1164 quoque
453 1102 547 1145 annus
570 1085 732 1164 legationes
755 1086 934 1148 Graecarum
958 1090 1127 1152 civitatium

111 1172 227 1255 habuit,
252 1172 358 1233 Samiis
380 1172 514 1255 lunonis,
538 1173 606 1234 Cois
628 1174 796 1253 Aesculapii
819 1174 942 1236 delubro
970 1185 1127 1240 vetustum

108 1261 182 1342 asyli
194 1264 242 1323 ius
255 1270 289 1322 ut
302 1262 471 1323 firmaretur
485 1263 661 1341 petentibus.
695 1262 785 1323 Samii
799 1264 919 1324 decreto
933 1263 1126 1348 Amphictyo·

109 1369 181 1412 num
200 1349 383 1432 nitebantur,
406 1355 472 1431 quis
491 1354 682 1430 praecipuum
701 1352 758 1412 fnit
776 1370 877 1413 rerum
896 1355 1030 1414 omnium
1049 1358 1126 1417 iudi-

84 1461 96 1502 ι
111 1443 189 1501 cium
195 1459 280 1521 ,qua
300 1447 413 1519 tempos
414 1448 473 1501 tate
488 1439 593 1500 Graeci
607 1440 734 1501 conditis
748 1458 802 1519 per
816 1441 914 1501 Asiam
929 1440 1058 1504 urbibus
1074 1464 1126 1506 ora

111 1532 202 1591 maris
224 1536 277 1608 pot
265 1528 422 1591 tiehantur.
464 1548 560 1608 neque
584 1529 683 1608 dispar
702 1529 779 1607 apud
799 1528 874 1589 Coos
893 1531 1071 1614 antiquitas,
1096 1544 1126 1594 et

110 1617 269 1679 accedebat
287 1605 374 1678 merit
375 1637 425 1678 um
445 1636 480 1678 ex
499 1618 577 1678 loco:
596 1636 663 1677 nam
683 1620 762 1678 cives
776 1616 954 1678 Romanost
942 1618 1055 1699 templo
1071 1622 1125 1682 Ae

110 1707 235 1786 scolapii
248 1707 434 1787 induxerant,
448 1724 516 1766 eum
530 1707 615 1766 iussu
628 1708 707 1784 regis
718 1705 895 1767 Mithridatis
905 1706 982 1786 apud
998 1718 1124 1772 cunctas

110 1796 195 1856 Asiae
218 1795 329 1855 insulas
349 1802 379 1854 et
397 1793 487 1855 urbes
510 1796 739 1857 trucidarentur.
775 1797 864 1856 variis
883 1794 991 1856 dehinc
1010 1805 1041 1859 et
1060 1812 1123 1860 sae·
1158 1817 1164 1826 ·

71 1906 96 1945 10
109 1887 178 1962 pius
196 1885 294 1943 inritis
312 1890 482 1962 praetorum
502 1882 668 1963 questibuS,
686 1892 836 1963 postremo
852 1883 958 1944 Caesar
977 1884 1014 1945 de
1028 1889 1124 1949 inmo

110 1972 204 2032 destia
216 1971 395 2031 histrionum
410 1971 536 2032 rettulit:
554 1972 695 2032 multaab
709 1975 747 2033 iis
760 1974 791 2033 in
805 1972 957 2050 publicum
972 1974 1125 2059 seditiose,

110 2060 195 2120 loeda
217 2077 272 2138 per
295 2060 397 2120 domos
421 2063 572 2141 temptari3
595 2061 705 2122 Oscum
729 2061 877 2141 quondam
896 2061 1059 2144 ludicrum,
1084 2065 1123 2126 le·

109 2149 246 2210 vissimae
260 2149 336 2226 apud
352 2149 473 2227 vulgum.
486 2149 702 2230 oblectationis,
721 2168 756 2210 eo
776 2149 953 2229 flagitiorum
968 2159 999 2212 et
1012 2153 1123 2215 virium

109 2239 234 2319 venisse,
257 2245 292 2298 ut
313 2240 487 2298 auctoritate
510 2245 627 2316 patrum
651 2238 848 2300 coercendum
871 2241 918 2300 sit
954 2239 1034 2319 pulsi
1058 2251 1123 2304 tum

71 2348 95 2389 ιι
110 2328 269 2389 histriones
287 2325 377 2388 ltalia.

179 2412 227 2478 15.
246 2414 327 2476 Idem
346 2435 441 2477 annus
461 2416 517 2476 alio
537 2435 655 2496 quoque
674 2417 757 2479 luctu
771 2416 925 2479 Caesarem
944 2419 1062 2499 adiecit,
1084 2421 1122 2480 al-

110 2515 207 2568 terum
226 2524 263 2566 ex
285 2507 409 2584 geminis
428 2505 517 2566 Drusi
539 2506 641 2567 liberis
665 2507 876 2588 extinguendo,
900 2524 998 2585 neque
1021 2510 1123 2570 minus

109 2603 205 2657 morte
224 2597 319 2656 amici.
357 2598 382 2656 is
402 2596 457 2656 luit
475 2594 606 2656 Lucilius
625 2595 757 2676 Longus,
776 2598 907 2656 omnium
926 2595 969 2654 illi
987 2598 1122 2658 tristium

110 2684 313 2762 laetorumque
338 2687 436 2745 socius
460 2702 597 2764 unusque
616 2704 632 2745 e
651 2684 837 2746 senatoribus
856 2682 964 2744 Rhodii
982 2702 1122 2748 secessus

84 2789 218 2832 ceomes.
255 2775 302 2832 ita·
319 2792 495 2853 quamquam
518 2792 594 2833 novo
612 2773 726 2833 homini
744 2776 912 2834 censorium
931 2773 1035 2856 funus,
1058 2775 1121 2835 eld-

111 2862 189 2939 giem
208 2859 286 2938 apud
304 2861 401 2923 lorum
415 2864 541 2941 Augusti
559 2861 676 2940 publica
694 2864 819 2941 pecunia
837 2869 937 2941 patres
952 2861 1123 2943 decrevere,

111 2949 188 3029 apud
204 2965 278 3027 quos
293 2951 459 3012 etiamtum
477 2958 584 3011 cuncta
602 2950 818 3032 tractabantur,
835 2951 910 3011 adeo
929 2958 962 3011 ut
980 2968 1122 3029 procura-

111 3048 158 3101 tor
176 3038 261 3098 Asiae
280 3035 412 3099 Lucilius
431 3037 534 3117 Capito
554 3048 711 3101 accusante
730 3042 881 3119 provincia
900 3057 1019 3100 causam
1040 3040 1122 3101 dixe-

110 3131 163 3210 rit,
188 3144 293 3206 magna
311 3144 380 3186 cum
398 3127 619 3189 adseveratione
637 3131 794 3210 principis,
817 3147 877 3189 non
896 3146 928 3190 se
947 3130 994 3189 ius
1012 3130 1072 3189 nisi
1092 3133 1122 3189 in

181 3283 226 3350 lo,
246 3279 424 3338 80ersidius
444 3280 601 3337 Reinesico.
625 3282 731 3336 carsius
747 3285 752 3352 Ι
769 3287 801 3336 lb
821 3279 984 3336 claritudini
1008 3285 1012 3348 1
1038 3281 1084 3349 14,
1106 3288 1121 3337 b

110 3372 165 3424 qua
183 3355 311 3422 Lipsius.
336 3369 369 3407 ea
388 3369 444 3420 qua
462 3355 506 3421 (ex
524 3369 581 3420 qua
602 3352 804 3420 Weissenborn,
824 3368 858 3407 eo
875 3354 1046 3458 ¹tempestate
1064 3369 1135 3420 qua-

110 3429 157 3495 αῖ.)
183 3427 187 3494 Ι
212 3425 418 3479 Sincluserant
436 3424 553 3494 Modoip
578 3430 581 3490 Ι
608 3430 642 3479 14
659 3427 692 3478 ut
713 3441 764 3481 om
784 3427 883 3479 1m.¹
909 3425 957 3470 15
980 3421 1122 3479 ladieeit

110 3496 216 3552 Rider
236 3495 339 3565 adficit,
359 3498 393 3566 of.
413 3496 555 3551 Andreseu
573 3495 671 3551 »wicbr
660 3497 688 3542 ἰ
720 3497 789 3538 ⁷f⁰
805 3510 824 3538 a
853 3499 869 3550 7
