2392 3876
136 189 179 256 60
485 186 653 243 CORNELII
672 187 792 242 TACITI

96 351 123 394 ro
136 355 204 417 spes
223 336 348 399 soletur:
367 344 510 417 quantum
529 336 590 397 odii
608 336 671 397 lore
689 335 726 396 ab
744 336 795 418 iis,
814 338 866 414 qui
884 336 961 397 ultra
980 339 1146 417 quinquen·

135 427 219 486 nium
227 422 433 505 proiciantur?
447 425 525 486 unde
535 425 667 503 prospici
675 441 764 502 posse
774 441 850 503 quae
863 426 972 504 cuique
982 432 1043 486 tem
1056 426 1146 506 longo

134 516 278 593 temporis
296 517 391 593 spatio
409 531 507 593 mens,
530 513 649 591 domus,
672 509 812 572 fortuna?
835 513 991 591 superbire
1009 513 1146 576 homiues

135 604 225 664 etiam
238 621 336 664 annua
346 602 560 679 designatione:
574 600 646 678 quid
656 602 682 660 si
690 600 834 661 honorem
843 619 898 680 per
907 603 1145 682 quinquennium

136 687 268 770 agitent?
290 687 520 768 quinquiplicari
538 705 663 767 prorsus
681 689 884 769 magistratus,
904 689 1037 750 subverti
1054 690 1143 772 leges,

96 792 122 833 ra
136 797 211 859 quae
226 796 279 839 sua
293 780 386 856 spatia
400 777 581 838 exercendae
596 776 818 837 candidatorum
828 777 992 839 industriae
1002 795 1144 857 quaeren-

134 867 240 946 disque
254 873 305 926 aut
318 865 470 944 potiundis
484 863 648 925 honoribus
666 866 831 925 statuerint.
860 865 1013 927 favorabili
1029 868 1060 928 in
1079 884 1144 946 spe·

91 1022 94 1027 ,
134 955 212 1015 ciem
227 955 360 1014 oratioue
374 955 433 1014 rim
447 955 565 1032 imperii
579 954 683 1013 tenuit.

201 1039 253 1103 37.
272 1041 445 1120 Censusque
464 1042 650 1121 quorundam
668 1048 839 1102 senatorum
857 1043 939 1103 iuvit.
973 1046 1145 1122 quomagis

134 1131 244 1191 mirum
253 1130 318 1211 luit,
333 1130 412 1210 quod
421 1148 527 1209 preces
536 1127 758 1210 HerciHortali,
773 1128 880 1190 nobilis
890 1132 1015 1211 iuvenis,
1029 1133 1061 1191 in
1075 1150 1145 1210 pau-

134 1225 249 1298 pertate
268 1219 424 1279 manifesta
442 1204 790 1297 superbius‘a'c'oepisset.
823 1236 915 1298 nepos
934 1225 999 1279 erat
1019 1223 1146 1281 oratoris

134 1307 299 1388 Hortensii,
312 1306 440 1368 inlectus
454 1325 471 1368 a
485 1306 552 1368 diro
566 1307 699 1384 Augusto
713 1305 888 1367 liberalitate
902 1306 1023 1368 deciens
1037 1317 1146 1369 sester-

108 1397 171 1457 atii
190 1396 300 1457 ducere
321 1414 458 1477 uxorem,
476 1397 629 1474 suscipere
649 1394 772 1475 liberos,
793 1413 831 1456 ne
852 1394 1015 1455 clarissima
1035 1396 1146 1457 familia

135 1487 384 1563 exstingueretur.
405 1486 497 1563 igitur
506 1491 647 1568 quattuor
656 1483 726 1545 filiis
735 1491 803 1544 ante
812 1482 903 1544 limen
913 1485 1014 1545 curiae
1029 1484 1145 1545 adstan-

134 1572 225 1654 tibus,
239 1572 303 1634 loco
318 1574 492 1653 sententiae,
506 1591 573 1634 cum
583 1575 615 1632 iu
624 1571 734 1632 Palatio
745 1579 864 1632 senatus
874 1571 1043 1652 haberetur,
1057 1573 1145 1633 modo

134 1660 287 1723 Hortensii
300 1664 379 1722 inter
393 1669 526 1722 oratores
541 1663 627 1721 sitam
640 1661 807 1743 imaginem,
820 1659 907 1720 modo
922 1660 1049 1739 Augusti
1067 1663 1145 1722 intu-

135 1768 197 1831 ens,
212 1750 248 1810 ad
262 1750 342 1811 hunc
356 1749 476 1810 modum
490 1751 600 1827 coepit:
620 1744 735 1826 ‘patres
749 1749 925 1828 conscripti,
939 1748 1003 1829 hos,
1018 1766 1146 1828 quorum

95 1857 122 1898 eo
135 1855 293 1900 numerum
308 1845 338 1899 et
351 1838 509 1915 pueritiam
523 1837 642 1915 videtis,
661 1853 720 1908 nun
740 1843 844 1914 sponte
864 1836 985 1917 sustuli,
1004 1836 1056 1898 sed
1076 1839 1146 1916 quia

134 1928 274 2004 princeps
292 1925 444 2006 monebat3
463 1924 552 1984 simul
564 1925 691 1984 maiores
704 1927 765 1984 mei
776 1931 949 1986 meruerant
962 1932 995 1985 ut
1009 1932 1146 2004 posteros

134 2013 287 2073 haberent.
314 2030 383 2074 nam
397 2031 460 2094 ego,
474 2015 526 2091 qui
540 2030 599 2072 uon
612 2013 777 2091 pecuniam,
792 2031 852 2073 non
866 2013 964 2074 studia
977 2013 1081 2092 populi
1095 2031 1145 2074 ne-

136 2119 193 2180 que
203 2100 410 2182 eloquentiam,
424 2099 533 2180 gentile
543 2101 648 2161 domus
657 2107 776 2161 nostrae
787 2100 907 2181 bonum,
921 2104 1062 2162 varietate
1072 2109 1145 2163 tem·

135 2207 242 2267 porum
256 2191 391 2267 accipere
409 2189 456 2250 vel
473 2207 578 2267 parare
597 2190 774 2269 potuissem,
793 2191 864 2249 satis
883 2189 1040 2270 habebam,
1059 2192 1086 2250 si
1103 2199 1145 2251 te·

96 2295 121 2337 rs
134 2294 210 2338 nues
233 2295 283 2337 res
305 2295 387 2338 meae
410 2295 466 2339 uec
488 2276 562 2338 mihi
579 2276 688 2356 pudori
705 2294 760 2336 nec
779 2280 918 2356 cuiquam
936 2279 1021 2339 oneri
1038 2278 1145 2339 lorent.

135 2367 235 2426 iussus
255 2365 291 2426 ab
315 2368 493 2445 imperatore
516 2381 639 2426 uxorem
663 2364 741 2424 duxi.
774 2383 811 2425 en
830 2367 921 2443 stirps
940 2373 970 2426 et
987 2369 1146 2445 progenies

135 2462 180 2514 tot
194 2453 362 2533 consulum,
376 2461 420 2514 tot
434 2453 620 2514 dictatorum.
649 2470 704 2513 neo
718 2453 755 2513 ad
768 2453 908 2514 invidiam
922 2455 992 2534 ista,
1009 2454 1061 2515 sed
1076 2473 1146 2516 con·

135 2542 278 2604 eiliendae
295 2540 516 2603 misericordiae
531 2541 636 2602 refero.
664 2541 865 2619 adsequentur
879 2530 1004 2602 llorente
1018 2549 1062 2624 te,
1076 2542 1146 2604 Cae·

20 2625 24 2634 '
135 2649 197 2712 sar,
218 2648 294 2710 quos
312 2629 430 2690 dederis
448 2628 590 2690 bonores:
608 2630 729 2690 interim
743 2627 776 2698 Q.
791 2628 942 2690 Hortensii
956 2638 1147 2713 pronepotes,

95 2734 122 2776 so
136 2717 196 2778 diri
209 2719 337 2796 Augusti
349 2717 483 2778 alumnos
497 2717 534 2778 ab
548 2719 647 2796 inopia
661 2712 806 2778 deiende?

197 2803 248 2867 38.
257 2803 410 2865 Inclinatio
420 2811 540 2868 senatus
550 2807 775 2866 incitamentum
784 2804 904 2866 Tiberio
913 2805 970 2867 luit
980 2825 1038 2886 quo
1048 2826 1147 2887 prom·

135 2895 196 2954 tius
211 2893 427 2974 adversaretur,
441 2894 488 2954 his
502 2895 595 2955 ferme
609 2892 708 2954 verbis
722 2911 808 2953 usus:
828 2889 864 2954 ‘si
879 2901 1023 2972 quantum
1037 2914 1147 2975 paupe-

135 3000 202 3042 rum
218 2987 263 3042 est
277 2982 377 3041 venire
391 2982 451 3043 huc
465 2990 495 3043 et
508 2982 610 3042 liberis
625 2983 688 3042 suis
701 2988 803 3059 petere
822 2982 964 3059 pecunias
983 2986 1148 3066 coeperint,

136 3069 246 3148 singuli
255 3086 416 3146 numquam
426 3069 658 3150 exsatiabuntur,
672 3071 721 3127 res
730 3068 849 3146 publica
858 3068 986 3134 deficiet.
1010 3089 1065 3133 nec
1076 3090 1148 3133 sane

110 3158 203 3218 sideo
222 3176 239 3218 a
258 3156 420 3218 maioribus
438 3174 613 3217 concessum
627 3163 673 3216 est
687 3156 788 3232 egredi
802 3155 958 3235 aliquando
973 3158 1149 3221 relationem

137 3253 168 3307 et
185 3245 264 3326 quod
283 3248 314 3306 iu
333 3261 489 3305 commune
508 3244 655 3305 conducat
673 3241 737 3302 loco
757 3247 921 3305 sententiae
939 3246 1088 3330 prolerre,
1115 3257 1150 3310 ut

207 3380 254 3446 eo,
266 3386 298 3434 13
313 3378 449 3433 honorem
462 3377 589 3448 IApee'oe:
608 3376 745 3430 honorum
767 3378 772 3444 Ι
794 3384 827 3431 14
841 3377 1044 3450 quintuplioari
1052 3380 1148 3456 Lepet

136 3449 182 3517 hl,
203 3456 217 3505 1
238 3466 294 3518 quo
312 3451 474 3506 Rhenanus:
500 3447 574 3516 quod
594 3449 628 3514 es.
648 3451 675 3514 4,
694 3450 739 3513 31,
757 3451 774 3501 4
789 3450 795 3516 Ι
812 3453 844 3502 18
863 3448 980 3506 florente
999 3452 1094 3506 aetate
1114 3455 1149 3510 P.

140 3520 214 3591 Vuae,
236 3521 344 3577 Tidsler.
363 3522 384 3590 f.
406 3520 506 3577 Philet.
526 3523 624 3587 7,101
