2392 3876
148 162 193 226 64
494 159 665 216 CORNELII
680 157 802 214 aucam

120 310 323 372 stamnum
340 311 522 389 provinciae,
539 327 616 388 quae
633 311 709 369 mari
725 307 910 388 diuiduntur,
927 310 1082 386 maiusque
1101 311 1157 369 im-

147 402 278 478 perium,
296 417 417 479 quoquo
430 397 553 476 adisset,
571 415 661 476 quam
673 400 724 476 iis,
742 399 795 475 qui
807 405 888 457 sorte
900 404 953 456 aut
965 397 1059 456 missu
1072 400 1157 474 prin·

147 490 225 567 cip'n
237 487 415 549 obtinerent
441 487 495 547 sed
508 485 646 546 'liberius
663 485 832 546 demoverat
846 484 933 545 Suria
946 483 1096 545 Creticum
1111 485 1157 545 Si·

148 575 262 657 lanum,
280 595 336 656 per
348 576 529 636 adfinitatem
541 592 687 636 connum
700 573 888 653 Germanico,
907 575 975 651 quia
989 571 1082 632 Silani
1095 574 1158 650 iilia

148 663 260 726 b'ernni
277 665 476 724 vetustissimo
493 663 657 723 liberomm
674 664 740 723 eius
757 668 843 740 pacta
861 669 937 741 erat,
960 661 1157 738 praefecerat·

109 766 136 804 ιο
150 771 209 832 que
223 752 275 814 Cn
289 752 440 831 Pisonem,
453 753 571 829 ingenio
585 750 746 811 molentum
760 759 790 811 et
803 749 939 828 obsequii
952 751 1097 830 ignarum,
1110 753 1156 810 in-

149 843 206 901 sita
226 840 336 900 aanor
355 857 373 898 a
393 849 477 916 patre
496 838 618 918 Pisone,
641 841 695 918 qui
714 837 794 899 cirili
812 837 890 898 bello
911 845 1102 916 resurgentes
1123 841 1156 899 in

147 927 247 988 atrita
266 934 367 1005 partes
386 928 532 987 acerrimo
551 929 717 986 ministerio
738 927 880 987 adversus
898 925 1052 987 Caesarem
1071 928 1156 1006 iuvit,

147 1031 216 1074 mox
233 1013 360 1074 Brutum
378 1023 410 1074 et
427 1013 561 1074 Cassium
579 1023 701 1074 secutus
724 1032 866 1075 concesso
889 1014 988 1074 reditu
1010 1017 1156 1094 petitione

145 1101 295 1163 bonorum
316 1102 474 1181 abstinuit,
497 1102 592 1163 donec
614 1102 693 1163 ultro
711 1102 875 1163 ambiretur
893 1102 1022 1163 delatum
1041 1102 1077 1163 ab
1097 1103 1156 1163 Αιι·

106 1199 235 1268 1³gusto
256 1189 442 1251 consulatum
467 1192 611 1269 accipere.
652 1190 706 1250 sed
727 1199 845 1269 praeter
867 1198 1008 1269 paternos
1031 1194 1156 1269 spiritus

145 1280 249 1338 uxoris
266 1296 384 1358 quoque
401 1277 558 1338 Plancinae
579 1276 732 1339 nobilitate
751 1287 781 1339 et
798 1278 906 1358 opibus
924 1280 1155 1360 accendebatur3

145 1367 194 1426 rix
212 1364 333 1427 'liberio
350 1366 526 1446 concedere,
546 1365 657 1428 liberos
675 1370 740 1428 eius
758 1376 792 1428 ut
810 1366 937 1429 multum
954 1369 1032 1428 inlra
1049 1369 1154 1447 despe-

145 1462 236 1515 ctam
263 1472 320 1515 nec
333 1454 457 1515 dubium
469 1454 597 1516 habebat
610 1473 642 1516 se
656 1455 817 1538 delectum,
838 1458 891 1535 qui
905 1455 1008 1517 Suriae
1022 1459 1155 1534 impone-

145 1551 231 1603 retur
249 1543 285 1602 ad
304 1560 373 1621 spes
387 1542 554 1604 Germanici
568 1545 754 1605 coercendas.
783 1544 936 1607 credidere
952 1545 1072 1623 quidam
1085 1545 1155 1603 data

104 1639 133 1682 Ν
145 1639 177 1691 et
188 1647 206 1690 a
219 1628 348 1691 'liberio'
358 1631 474 1693 occulta
491 1631 641 1713 mandata3
660 1641 691 1693 et
704 1632 873 1694 Plancinam
891 1633 969 1693 haud
989 1631 1076 1693 dubie
1095 1632 1154 1692 Au·

144 1727 231 1797 gusta
254 1721 369 1779 monuit
391 1718 586 1780 aemulatione
610 1719 748 1780 muliebri
765 1722 955 1799 Agrippinam
978 1720 1153 1780 insectandi.

144 1806 239 1867 divisa
251 1824 378 1885 namque
392 1815 422 1866 et
435 1807 550 1868 discors
564 1807 630 1867 aula
643 1816 707 1868 erat
720 1809 819 1868 tacitis
832 1810 863 1867 in
876 1807 1006 1867 Drusum
1019 1814 1069 1866 aut
1080 1805 1152 1865 Ger·

21 1939 27 1949 .
144 1897 293 1956 monicum
307 1895 421 1954 studiis.
444 1893 583 1955 Tiberius
596 1903 630 1957 ut
643 1897 797 1973 proprium
811 1903 842 1954 et
854 1896 902 1954 sui
915 1895 1067 1971 sanguinis
1076 1890 1151 1952 Dru-

144 1999 211 2043 sum
235 1981 364 2044 lovebat:
387 1981 561 2043 Germanico
583 1981 719 2043 alienatio
742 1984 842 2059 patrui
859 1999 989 2042 amorem
1006 1980 1083 2059 apud
1104 1999 1152 2040 ce-

103 2080 131 2123 tt
143 2078 225 2131 terne
244 2079 380 2150 auxerat,
402 2079 432 2130 et
451 2072 519 2150 quia
537 2068 713 2131 claritudine
731 2072 858 2130 materni
875 2070 993 2148 generis
1012 2068 1152 2150 anteibat,

142 2176 231 2220 aram
253 2157 291 2219 ll.
313 2157 486 2239 Antonium,
509 2157 687 2220 avunculum
709 2159 876 2236 Augustum
899 2157 1006 2218 serens.
1048 2166 1152 2218 contra

142 2245 239 2308 Druso
257 2264 385 2324 proavus
403 2265 495 2325 eques
513 2244 662 2307 Romanus
679 2245 859 2325 Pomponius
873 2248 989 2308 Atticus
1007 2246 1152 2307 dedecere

142 2333 333 2395 Claudiorum
346 2337 489 2413 imagines
503 2334 670 2406 videbatur:
684 2341 714 2396 et
727 2336 857 2395 coniunx
872 2334 1039 2396 Germanici
1048 2336 1151 2413 Agrip-

142 2425 212 2501 pina
230 2422 410 2484 fecunditate
429 2440 463 2485 ac
481 2423 557 2483 lama
570 2422 683 2483 Liviam
700 2440 824 2484 uxorem
839 2422 927 2485 Drusi
945 2422 1150 2502 praecellebat.

101 2520 130 2562 ω
143 2511 196 2572 sed
219 2512 327 2572 tratres
350 2513 467 2588 egregie
490 2511 653 2572 concordes
671 2519 702 2572 et
719 2513 921 2590 proximorum
941 2510 1151 2572 certaminibus

142 2602 322 2660 inconcussi.
505 2666 513 2685 ⁸
544 2668 548 2673 ,

208 2685 261 2748 44.
280 2686 340 2747 Nec
360 2688 451 2749 multo
470 2696 539 2765 post
557 2687 672 2749 Drusus
690 2690 722 2748 in
740 2687 891 2768 Dlyricum
908 2689 1019 2750 missus
1036 2694 1094 2767 est,
1118 2693 1152 2747 ut

142 2783 297 2836 suesceret
317 2775 439 2836 militiae
463 2776 620 2855 studiaque
644 2778 793 2838 exercitus
811 2785 942 2857 pararet3
967 2775 1054 2836 simul
1071 2778 1151 2835 iuve-

142 2880 211 2923 nem
229 2860 344 2923 urbano
363 2862 435 2923 luxu
449 2862 651 2925 lascivientem
664 2864 770 2926 melius
784 2868 815 2925 in
830 2867 936 2927 castris
949 2863 1052 2923 haberi
1065 2861 1150 2920 Tibe-

142 2952 206 3013 rius
225 2967 317 3028 seque
335 2953 477 3012 tutiorem
495 2952 617 3013 rebatur
630 2960 758 3030 utroque
772 2952 833 3013 filio
847 2952 977 3030 legiones
990 2949 1150 3010 obtinente.

115 3037 195 3101 used
223 3037 315 3098 Suebi
343 3040 614 3116 praetendebantur
643 3041 785 3102 auxilium
813 3039 956 3101 adversus
984 3036 1151 3098 Cheruscos

144 3134 277 3205 orantes3
299 3143 367 3186 nam
390 3126 525 3188 discessu
543 3128 743 3189 Romanorum
765 3146 799 3189 ac
821 3128 907 3188 vacui
929 3132 1051 3186 externo
1069 3133 1152 3187 metu

143 3217 241 3294 gentis
255 3213 449 3275 adsuetudine
465 3221 495 3275 et
509 3223 573 3276 tum
587 3216 781 3278 aemulatione
795 3213 904 3294 gloriae
914 3215 1036 3275 armain
1046 3229 1078 3274 se
1088 3232 1152 3285 rer·

214 3348 261 3416 ld,
276 3354 308 3403 21
324 3347 465 3402 insectans
480 3349 614 3418 Μαάυίρς
632 3348 766 3404 insectati
782 3351 840 3418 epse
854 3349 948 3403 malim
963 3349 969 3418 Ι
984 3352 1018 3404 25
1031 3348 1155 3404 materni

142 3415 307 3474 Rbeatam:
322 3419 412 3473 mater
427 3421 432 3488 Ι
448 3418 492 3486 44,
504 3420 588 3546 epac]
601 3419 686 3474 Orelli
700 3424 705 3488 Ι
722 3419 1075 3488 'telEroeatioatespectum
1084 3427 1154 3488 erat,

142 3493 173 3543 ot
186 3495 225 3544 est
239 3492 269 3544 et
281 3491 342 3544 tum
354 3495 476 3547 ominem
485 3507 524 3546 un
552 3489 661 3545 dnmals
673 3489 755 3560 noch,
773 3495 805 3547 ut
818 3493 1154 3561 3,1a.4,2o.11,12etc
