2392 3876
287 155 334 231 le
353 175 514 232 excussu
530 166 685 232 aucusnr
703 176 749 232 11.
770 183 864 232 1-11.
1024 177 1087 242 129

78 326 168 387 causa
181 324 250 406 fuit,
264 333 298 387 ut
311 325 392 387 claro
407 324 462 386 sub
477 324 611 404 exemplo
625 325 713 386 falsas
727 325 893 386 auditiones
906 325 1086 404 depellerem

78 421 270 493 peteremque
283 413 321 475 ab
334 415 385 495 iis,
400 431 527 493 quorum
540 416 571 474 in
585 431 690 475 manus
705 431 776 474 cura
790 422 891 474 nostra
905 416 1032 493 venerit,
1051 433 1089 476 ne

79 502 226 582 divulgata
244 509 331 582 atque
349 502 535 587 incredibilia
553 503 637 563 avide
651 504 863 581 acceptaveris
878 521 974 582 neque
989 505 1019 562 in
1033 504 1087 563 mi·

78 590 212 652 iaculum
226 593 375 670 corruptis
390 590 593 653 antehabeaut.

147 677 196 740 12.
216 680 354 742 Ceterum
372 679 509 741 laudante
528 679 621 741 filium
639 697 693 758 pro
712 681 819 740 rostris
833 679 953 739 Tiberio
968 687 1088 739 senatus

77 768 264 848 populusque
287 768 421 830 habitum
444 787 478 830 ac
500 786 588 829 voces
610 767 762 829 dolentum
786 767 973 829 simulatione
996 769 1090 846 magis

78 876 167 937 quam
181 856 277 918 libens
295 857 437 918 induebat
440 857 646 961 ,domumque
660 856 828 918 Germanici
845 858 1028 918 revirescere
1042 874 1090 916 oc·

79 945 153 1006 culti
170 943 363 1006 laetabantur.
401 944 479 1024 quod
498 948 679 1049 principium
698 945 807 1006 favoris
825 952 856 1006 et
873 933 967 1007 mater
986 944 1089 1023 Agrip-

79 1035 148 1111 pina
172 1050 256 1111 spem
278 1032 352 1094 male
370 1042 474 1112 tegens
491 1037 654 1113 perniciem
673 1033 885 1095 adceleravere
921 1051 990 1094 nam
1009 1033 1088 1093 Seia·
1116 1045 1129 1087 1

79 1137 137 1181 nus
161 1119 213 1181 ubi
235 1121 314 1182 videt
338 1131 462 1183 mortem
486 1123 575 1185 Drusi
596 1123 720 1183 inultam
742 1123 996 1202 interlectoribus,
1025 1124 1089 1182 sinc

78 1227 212 1270 maerore
231 1210 351 1289 publico
370 1229 449 1291 esse,
472 1211 555 1272 ferox
579 1210 737 1291 scelerum,
761 1218 791 1271 et
814 1213 882 1289 quia
904 1213 999 1290 prima
1022 1228 1089 1289 pro·

77 1305 234 1379 venerant,
254 1299 385 1361 volutare
405 1317 519 1380 secum,
540 1317 667 1377 quonam
687 1298 774 1358 modo
793 1297 961 1359 Germanici
978 1297 1088 1359 liberos

78 1394 277 1466 perverteret,
298 1405 426 1466 quorum
444 1405 503 1446 non
521 1386 610 1447 dubia
629 1389 786 1447 successio
814 1405 910 1465 neque
929 1389 1029 1466 spargi
1042 1405 1089 1446 ve·

80 1489 192 1534 nonum
210 1475 241 1534 in
264 1481 325 1534 tres
343 1493 382 1552 po
383 1481 472 1553 t,erat
496 1476 613 1552 egregia
636 1480 703 1535 cust
691 1474 792 1534 todurn
815 1474 872 1534 fide
896 1482 926 1534 et
948 1474 1130 1553 pudicitiam

79 1561 260 1640 Agrippinae
278 1561 493 1640 inpenetrabili.
521 1564 612 1640 igitur
631 1564 845 1622 contumaciam
864 1563 928 1622 eius
942 1564 1091 1641 insectari,

79 1658 170 1712 vetus
183 1650 332 1728 Augustae
351 1649 464 1730 odium',
483 1657 634 1711 recentem
648 1649 746 1710 Liviae
765 1636 976 1712 conscientiam
996 1653 1090 1728 exagi-

79 1747 144 1799 tare
148 1785 157 1818 ,
176 1744 210 1800 ut
224 1739 383 1818 superbam
396 1738 589 1819 iocunditate,
608 1739 763 1800 subnixam
777 1737 970 1818 popularibus
984 1738 1090 1799 studiis

79 1827 194 1887 ilrhiarc
214 1827 406 1889 dominationi
429 1828 505 1906 apud
525 1828 680 1888 Caesarem
702 1836 868 1906 arguerent.
906 1834 993 1906 atque
1017 1827 1090 1887 haec

78 1915 193 1977 callidis
216 1915 469 1995 criminatoribus,
491 1919 570 1977 inter
595 1935 669 1996 quos
693 1916 842 1994 delegerat
859 1915 967 1977 lulium
985 1915 1129 1977 Postu-1⁵

77 2022 173 2085 munt,
192 2023 247 2083 per
265 2005 442 2066 adulterium
457 2004 586 2066 Mutiliae
601 2005 720 2065 Priscae
738 2007 817 2065 inter
831 2007 951 2066 intimos
966 2006 1046 2065 aviac
1060 2012 1091 2066 ct

78 2092 211 2154 consiliis
234 2095 296 2155 suis
318 2094 525 2176 peridoneum,
549 2096 617 2174 quia
640 2092 742 2155 Prisca
764 2095 795 2154 in
819 2096 915 2154 animo
940 2093 1089 2172 Augustae

78 2180 174 2241 valida
197 2199 284 2243 anurn
308 2191 412 2262 suapte
435 2191 539 2244 natura
567 2185 716 2262 potentiae
744 2185 860 2243 anxiam
887 2182 1089 2243 insociabilem

79 2271 170 2330 nurui
193 2270 346 2332 efficiebat.
391 2270 568 2350 Agrippinae
592 2289 709 2350 quoque
732 2273 860 2349 proximi
881 2270 1090 2332 inliciebantur

79 2359 179 2436 pravis
194 2359 381 2420 sermonibus
395 2361 525 2420 tumidos
540 2363 663 2439 spiritus
678 2358 894 2437 perstimulare.
1104 2371 1130 2411 20

149 2443 198 2508 13.
217 2447 255 2508 At
268 2446 405 2508 Tiberius
420 2447 494 2508 nihil
506 2449 675 2508 intermissa
693 2464 795 2508 rerum
810 2465 890 2525 cura,
905 2450 1021 2524 negotia
1035 2465 1090 2524 pro

79 2534 198 2596 solaciis
222 2537 384 2615 accipiens,
412 2538 459 2596 ius
483 2537 605 2615 civium,
632 2552 737 2612 preces
760 2537 910 2595 sociorum
932 2533 1090 2614 tractabat3

79 2625 216 2701 iactaque
234 2631 355 2683 auctore
374 2641 409 2682 co
428 2628 548 2683 senatus
566 2622 712 2703 consulta,
731 2631 766 2684 ut
784 2623 894 2683 civitati
908 2621 1090 2699 Cibyraticae

80 2710 160 2788 apud
174 2709 285 2790 Asiam,
303 2709 441 2788 Aegiensi
459 2708 537 2788 apud
551 2709 702 2789 Achaiam,
720 2718 914 2770 motuterrae
929 2709 1089 2790 labefactis,

80 2795 291 2858 subveniretur
309 2800 483 2858 remissione
503 2798 607 2858 tributi
625 2800 656 2857 in
675 2801 844 2858 triennium.
873 2805 903 2858 ct
916 2797 1018 2860 Vibius
1038 2799 1116 2859 Set

79 2903 172 2947 renus
186 2904 240 2964 pro
254 2885 375 2947 consule
394 2885 544 2948 ulterioris
558 2885 729 2967 Hispaniae,
749 2886 784 2947 de
799 2888 827 2947 vi
841 2886 958 2966 publica
973 2887 1089 2948 damna·

78 2984 143 3056 tus,
161 2974 199 3037 ob
218 2977 402 3036 atrocitatem
416 2994 532 3037 morum
546 2979 577 3036 in
591 2973 718 3037 insulam
732 2976 892 3054 Amorgum
907 2977 1089 3055 deportatur.

1154 2409 1174 2449 b(

150 3164 386 3232 1111111111
406 3164 570 3233 Riteuonuo,
589 3170 652 3220 acte
669 3162 743 3220 veris
763 3163 951 3245 1111111118
969 3161 1089 3216 incredi-

76 3233 255 3304 bul1(mcred
265 3231 1088 3306 11111811111111111111ιιθᾳιιθιιιοιοᾶιὶιιΙιιιΗααεο11111113

77 3305 246 3360 incredibile
264 3308 350 3375 etque
364 3323 389 3362 n.
404 3323 460 3362 acc
475 3305 518 3362 W.
535 3307 644 3362 01111111
656 3306 760 3362 Annei.
770 3307 867 3374 philol.
882 3305 932 3360 ccl.
947 3309 994 3369 87,
1004 3303 1087 3383 359)l

78 3377 123 3445 12,
144 3377 296 3432 tmultaan
312 3381 317 3446 Ι
335 3384 366 3432 13
390 3395 442 3446 sup
444 3377 540 3432 erbum
563 3378 703 3432 Manates.
726 3375 908 3457 superbirem!
925 3380 958 3428 14
982 3372 1089 3440 alitque

77 3449 148 3503 haec
158 3449 274 3519 Madvig
290 3452 294 3517 Ι
313 3455 344 3503 16
354 3447 406 3505 int.
414 3396 511 3503 Lpivim
525 3447 626 3517 1111111,
640 3394 779 3520 [interip
766 3445 846 3503 ariae
861 3445 902 3516 ei]
914 3443 1088 3516 Nipperdey!

77 3517 123 3586 13,
144 3525 286 3574 ‘imorum
304 3518 432 3589 Lipsius:
450 3522 609 3589 temporum

14 3642 18 3647 .
131 3616 230 3658 unum
242 3617 316 3659 PARS
330 3618 348 3658 L
858 3611 875 3660 9
