2392 3876
271 182 320 235 AB
338 179 500 236 Excusso
518 179 673 235 AUGUSTI
691 179 762 236 XVI.
783 187 894 236 19-22.
1017 181 1080 246 367

72 350 141 394 nem
159 332 320 411 composita
339 329 375 393 ad
393 337 519 390 mortem
539 327 745 411 damnabatur,
763 330 882 390 mitiora
901 332 1018 391 censuit
1031 328 1081 390 ob·
1097 346 1122 385 ro

72 422 275 500 tinnitque3et
284 437 352 479 cum
362 417 450 485 deum
460 415 747 496 bonoresPoppaeae
757 416 968 498 decernuntur,
978 425 1082 496 sponte

72 508 193 587 absens,
212 508 310 568 funeri
328 523 388 567 non
405 505 590 566 interfuerat.
619 522 694 584 quae
714 504 880 567 oblitterari
894 523 953 566 non
968 505 1083 566 sinebat

73 596 175 675 Capito
195 595 400 675 Cossutianus,
420 601 540 672 praeter
559 595 691 654 animum
709 592 745 656 ad
763 592 872 672 flagitia
890 595 1082 672 praecipitem

73 686 193 763 iniquus
208 683 368 765 Thraseae,
387 682 466 762 quod
481 683 656 743 auctoritate
671 682 736 743 eius
750 682 942 764 concidisset,
955 684 1083 744 iuvantis

73 772 197 833 Cilicum
215 771 340 852 legatos,
359 771 429 831 dum
449 769 621 847 Capitonem
639 770 872 848 repetundarum
890 772 1082 848 interrogant.
1099 784 1124 823 15

140 857 191 920 22.
215 859 293 929 Quin
312 866 342 919 et
360 857 410 918 illa
428 855 608 938 obiectabat,
625 860 773 937 principio
793 860 863 919 anni
881 861 974 920 vitare
992 856 1083 918 'fbra-

73 965 154 1007 seam
168 945 309 1006 sollemne
323 947 371 1007 ius
389 944 561 1025 iurandum3
579 947 850 1026 nuncupationibus
869 954 1006 1008 votorum
1025 965 1084 1007 non

74 1035 189 1115 adesse,
204 1035 338 1114 quamvis
352 1032 608 1112 quindecimvirali
621 1035 786 1096 sacerdotio
800 1035 981 1117 praeditum3
1000 1053 1084 1096 num-

74 1141 163 1202 quam
175 1141 231 1203 pro
246 1122 340 1183 salute
353 1122 498 1201 principis
512 1128 563 1182 aut
577 1120 698 1182 caelesti
716 1141 788 1184 voce
807 1124 1017 1205 immolavisse;
1035 1123 1084 1184 ad-

74 1211 193 1272 siduum
214 1210 284 1271 olim
305 1218 335 1271 et
354 1210 550 1292 indefessum,
570 1211 623 1288 qui
640 1208 811 1288 vulgaribus
829 1230 947 1292 qnoque
966 1220 1111 1291 patrums

74 1299 218 1360 consultis
237 1307 331 1360 semet
348 1298 494 1359 fautorem
513 1305 564 1360 aut
582 1296 783 1360 adversarium
797 1301 980 1380 ostenderet,
994 1302 1084 1360 trien-

74 1389 124 1447 nio
139 1407 199 1450 non
211 1389 352 1449 introisse
367 1388 494 1466 ouriam3
513 1387 758 1467 nuperrimeque,
772 1405 841 1447 cum
855 1387 891 1448 ad
906 1388 1085 1448 coercendos

75 1475 208 1537 Silanum
226 1484 256 1536 ct
270 1473 407 1536 Veterem
425 1476 561 1535 certatim
579 1481 821 1554 concurreretur,
844 1477 967 1552 privatis
986 1478 1085 1554 potius

75 1565 228 1628 clientium
249 1565 376 1642 negotiis
394 1563 551 1624 vacavisse.
587 1564 787 1623 secessionem
806 1564 864 1622 inm
886 1563 915 1623 id
937 1571 967 1624 et
985 1571 1085 1642 partes

75 1663 118 1734 et,
133 1655 159 1713 si
172 1653 251 1713 idem
265 1650 351 1712 multi
365 1650 506 1731 audeant,
520 1649 631 1710 bellum
645 1668 719 1712 esse.
749 1647 794 1712 ‘ut
808 1650 956 1730 quondam
970 1651 1001 1712 C.
1016 1651 1084 1712 Cae·
1100 1666 1126 1706 ro

39 1815 43 1820 ¹
76 1736 183 1804 sarem'
203 1742 300 1819 inquit
321 1736 363 1799 ‘ct
383 1738 420 1799 M.
440 1738 592 1819 Catonern,
613 1741 654 1800 ita
672 1757 752 1801 nune
770 1746 813 1819 te,
834 1739 925 1819 Nero,
947 1747 976 1799 et
995 1738 1086 1799 Thra·

76 1849 157 1892 seam
174 1828 257 1889 avida
277 1826 492 1889 discordiarum
511 1828 614 1888 civitas
632 1826 772 1906 loquitur.
805 1834 835 1888 et
853 1826 942 1888 habet
961 1834 1085 1888 sectato·

76 1935 125 1978 res
140 1916 185 1977 vel
198 1918 298 1994 potius
313 1915 467 1995 satellites,
486 1917 538 1994 qui
551 1915 683 1976 nondum
698 1917 913 1976 contumaciam
927 1918 1086 1976 sententia-

75 2025 152 2086 rnm,
166 2005 217 2065 sed
232 2004 367 2065 habitum
380 2002 554 2082 vultumque
569 2006 634 2065 eius
649 2011 814 2084 sectantur,
829 2004 917 2082 rigidi
932 2011 961 2064 et
976 2006 1086 2085 tristes,

76 2113 134 2174 quo
150 2094 204 2154 tibi
219 2092 367 2153 lascIviam
386 2091 575 2171 exprobrent.
602 2091 673 2153 huic
688 2093 740 2152 uni
755 2091 941 2154 incolumitas
956 2100 1006 2154 tua
1021 2095 1084 2152 sine
1099 2106 1126 2147 rs

76 2201 166 2256 cora,
190 2189 269 2242 artes
293 2183 356 2242 sine
379 2179 500 2241 honore.
537 2199 695 2259 prosperas
718 2182 864 2260 principis
887 2199 935 2242 res
959 2183 1085 2260 spernit:

77 2273 203 2331 etiamne
224 2268 355 2330 luctibus
374 2276 403 2330 et
422 2268 574 2330 doloribus
592 2288 653 2330 non
671 2265 817 2331 satiatur?
845 2270 977 2331 eiusdem
996 2272 1086 2330 animi

77 2366 122 2418 est
136 2356 301 2434 Poppaeam
316 2357 411 2416 divam
425 2375 485 2418 uon
499 2356 635 2437 credere,
654 2359 740 2418 cuius
759 2360 790 2418 in
809 2366 872 2420 acta
887 2358 947 2418 divi
961 2359 1087 2437 Augusti

78 2454 107 2508 et
131 2445 190 2505 divi
214 2442 270 2503 luli
294 2461 353 2503 non
375 2445 484 2505 iurare.
521 2446 635 2522 spernit
658 2445 830 2527 religiones,
853 2445 975 2525 abrogat
998 2446 1085 2525 leges.

78 2536 183 2595 diurna
197 2530 300 2612 populi
315 2531 438 2591 Romani
452 2549 506 2609 per
520 2533 699 2613 provincias,
717 2551 772 2612 per
791 2537 939 2595 exercitus
954 2537 1085 2596 curatius
1101 2550 1126 2589 eo

76 2624 229 2702 leguntur,
249 2629 282 2681 ut
296 2627 449 2700 noscatur,
464 2619 535 2699 quid
550 2619 680 2681 Thrasea
694 2638 753 2681 non
768 2622 880 2684 fecerit.
909 2631 960 2685 aut
974 2631 1086 2685 transe-

77 2729 161 2772 amus
180 2709 215 2770 ad
235 2709 283 2770 illa
302 2710 451 2785 instituta,
471 2710 496 2767 si
515 2711 630 2787 potiora
644 2718 726 2789 snnt,
745 2717 797 2771 aut
810 2729 884 2772 nova
898 2712 1086 2790 cupientibus

77 2800 229 2861 auferatur
250 2797 310 2858 dux
331 2805 361 2858 et
380 2804 491 2858 auctor.
524 2799 580 2858 ista
599 2806 679 2859 secta
699 2797 871 2861 Tuberones
890 2807 919 2861 et
934 2800 1086 2881 favonios,

78 2890 171 2949 veteri
186 2904 304 2966 qunque
318 2887 363 2947 rei
377 2884 512 2964 publicae
527 2888 641 2964 ingrata
655 2888 786 2992 nomina,
805 2891 915 2967 gennit.
943 2898 977 2951 ut
996 2893 1087 2969 impe·

78 2979 155 3036 rium
175 2981 321 3056 evertant,
340 2973 506 3035 libertatem
524 2975 709 3053 praeferunt.
728 2978 753 3038 si
772 2980 981 3082 perverterint,
1001 2978 1086 3039 liber·
1102 2993 1127 3033 2⁵

78 3072 168 3124 tatem
187 3066 281 3141 ipsam
299 3021 517 3142 allgredientnr.
545 3063 655 3125 frustra
674 3064 807 3126 Cassium
826 3069 961 3127 amovisti
964 3113 973 3146 ,
992 3069 1018 3126 si
1036 3067 1128 3172 gli-

77 3171 163 3220 scere
182 3160 212 3212 et
230 3154 329 3230 rigere
343 3151 504 3214 Brutorum
522 3152 653 3214 aemulos
672 3171 816 3232 passurus
834 3173 874 3215 es.
903 3155 1030 3234 deniqne
1045 3158 1088 3216 ni-

147 3305 194 3372 21,
216 3311 246 3360 11
269 3307 298 3360 et
316 3306 382 3360 dum
400 3307 534 3363 Heinsius
549 3309 553 3375 1
570 3306 785 3362 decernerentur
803 3309 839 3365 al.
857 3310 910 3376 111
929 3307 1089 3363 interfuerit

79 3374 219 3439 (interfuit
246 3378 294 3446 al)
320 3379 325 3446 Ι
349 3377 394 3445 22,
415 3384 430 3433 3
460 3377 574 3432 adesset
597 3379 602 3443 1
628 3376 807 3433 'tintroisset
831 3378 836 3448 Ι
863 3384 894 3432 11
918 3380 947 3434 te
966 3378 1040 3433 Nero
1060 3383 1089 3434 et

80 3444 260 3503 Puteolanus:
280 3448 384 3503 tenebo
400 3451 404 3520 Ι
422 3455 454 3503 15
475 3464 529 3516 quo
548 3447 603 3502 tibi
617 3448 779 3504 Rhenanus.
799 3449 874 3518 quod
893 3449 953 3517 ibit
971 3457 1003 3506 to
1022 3467 1087 3504 nure

76 3515 141 3571 add.
160 3517 295 3588 Lipsius!
314 3525 345 3574 19
365 3518 491 3588 legiones
508 3523 562 3590 125
581 3520 742 3574 euerterent
756 3521 761 3589 Ι
777 3525 811 3576 26
830 3519 982 3575 admouisti
