2408 3870
138 168 181 234 36
484 165 653 222 CORNELII
670 165 790 222 Tucim

137 319 244 378 amissa
258 334 361 396 magna
376 335 412 378 ex
430 324 514 397 parte
532 334 587 397 per
605 335 681 397 quae
699 319 832 397 egeritur
849 315 959 380 bumus
973 325 1026 379 aut
1039 318 1155 380 excidi-

137 413 187 466 tur
201 424 336 487 caespes3
351 424 410 467 non
424 409 551 467 tentoria
566 405 732 486 manipulis,
746 423 806 466 non
821 405 951 467 iomenta
964 407 1091 487 sauciis3
1108 410 1155 468 in·

137 494 230 556 tectos
244 512 336 556 caeno
350 504 401 556 aut
415 513 522 556 cruore
537 495 619 555 eibos
634 495 799 556 dividentes
815 495 949 555 funestas
962 493 1108 556 tenebras
1123 504 1156 557 et

136 589 181 644 tot
190 583 342 644 hominum
353 583 472 644 milibus
483 601 575 644 unum
585 585 643 644 iam
652 582 801 662 reliquum
810 583 889 642 diem
901 582 1155 659 lamentabantur.

203 669 254 734 66,
277 671 366 732 Forte
386 689 481 750 equus
499 672 634 751 abruptis
653 671 778 733 vinculis
797 688 888 750 vagus
902 678 932 732 et
946 670 1077 732 ciamore
1092 679 1155 734 ter-

136 763 212 821 ritus
227 760 369 839 quosdam
385 763 606 821 occurrentium
620 759 797 821 obturbavit.
831 768 913 821 tanta
930 760 1000 820 inde
1015 771 1155 823 conster-

136 850 216 908 natio
235 851 384 926 inrupisse
399 848 560 910 Germanos
579 849 777 929 credentium,
796 856 830 909 ut
848 850 950 909 cuncti
968 857 1098 910 ruerent
1118 851 1155 911 ad

136 943 245 1016 portas,
265 955 390 1015 quarum
405 938 567 999 decumana
580 940 705 998 maxime
719 936 885 1017 petebatur,
903 954 1006 997 aversa
1024 936 1112 999 hosti
1125 947 1155 1000 et

109 1024 318 1103 oirrgientibus
340 1027 440 1086 tutior.
477 1025 601 1086 Caecina
624 1033 776 1105 comperto
800 1043 902 1086 ranam
926 1042 991 1086 esse
1016 1025 1154 1089 iormidi·

136 1131 213 1192 nem,
228 1131 296 1174 cum
311 1121 409 1174 tamen
423 1131 519 1192 neque
534 1117 708 1175 auctoritate
724 1132 820 1193 neque
835 1113 984 1194 precibus,
1004 1131 1044 1174 ne
1058 1133 1154 1177 manu

136 1202 256 1280 quidem
271 1201 416 1262 obsistere
431 1210 482 1263 aut
495 1204 625 1263 retinere
639 1202 763 1263 militem
778 1205 886 1282 quiret,
900 1205 1054 1281 proiectus
1070 1206 1106 1266 in
1122 1205 1154 1266 li·

135 1292 214 1350 mine
228 1297 331 1368 portae
346 1293 534 1351 miseratione
548 1292 675 1370 demum,
695 1292 764 1370 quia
778 1308 832 1369 per
847 1308 956 1369 corpus
971 1289 1063 1369 iegati
1079 1311 1153 1354 euo-

136 1379 206 1439 dum
225 1387 296 1458 erat,
315 1378 422 1440 clausit
440 1381 528 1439 riam:
547 1379 636 1439 simui
653 1379 767 1439 tribuni
786 1386 816 1439 et
834 1382 1025 1440 centuriones
1041 1379 1153 1443 falsum

97 1481 122 1521 ιο
135 1484 274 1545 pavorem
288 1485 353 1528 esse
367 1468 541 1529 docuerunt.

224 1554 275 1618 67.
295 1555 379 1617 Tunc
398 1564 567 1617 contractos
585 1557 617 1616 in
635 1557 782 1635 principia
800 1558 958 1636 iussosque
977 1557 1058 1618 dicta
1082 1577 1153 1620 cum

134 1645 251 1706 silentio
272 1647 407 1724 accipere
426 1646 569 1722 temporis
592 1662 626 1704 ao
650 1645 836 1705 necessitatis
859 1652 968 1705 monet.
1005 1662 1103 1707 unam
1122 1649 1151 1708 in

135 1736 224 1794 armis
247 1733 384 1811 satutem,
413 1732 464 1792 sed
489 1750 522 1792 ea
545 1732 668 1793 consilio
692 1733 884 1812 temperanda
906 1733 1151 1815 manendumque

135 1825 211 1883 intra
230 1820 351 1899 vallum,
375 1821 469 1880 donec
488 1821 676 1899 expugnandi
696 1821 797 1882 hostes
820 1839 873 1900 spe
896 1822 1020 1900 propius
1044 1840 1152 1885 succe

108 1910 252 1989 oderent3
275 1926 342 1968 mox
364 1909 495 1988 undique
519 1909 746 1987 erumpendum:
769 1909 819 1970 illa
838 1911 993 1988 eruptione
1012 1909 1051 1970 ad
1073 1912 1151 1973 Rbe-

135 2016 206 2057 num
228 1999 387 2075 perveniri.
423 1998 547 2076 quodsi
568 1998 716 2077 ingerent,
740 1998 834 2076 pluris
858 1997 958 2078 siivas,
981 1999 1152 2076 profundas

134 2088 227 2164 magis
249 2084 384 2165 paludes,
408 2088 559 2147 saevitiam
582 2086 712 2147 hostium
735 2104 906 2167 superesse3
928 2094 958 2147 at
981 2089 1152 2151 victoribus

135 2175 225 2235 decus
240 2173 370 2252 gloriam.
403 2191 479 2253 quae
493 2174 572 2234 domi
586 2193 662 2254 cara,
677 2192 752 2254 quae
767 2178 797 2234 in
812 2177 918 2236 eastris
932 2175 1070 2256 honesta,
1089 2197 1151 2239 me·

133 2271 241 2342 morat3
261 2263 381 2323 reticuit
399 2263 435 2322 de
450 2263 590 2323 adversis.
624 2281 716 2342 equos
735 2263 856 2343 dehine,
875 2281 962 2324 orsus
976 2282 993 2323 a
1008 2266 1091 2347 suis,
1111 2266 1151 2327 ie·

94 2367 119 2405 10
134 2357 269 2429 gaiorum
296 2350 543 2430 tribunorumque
568 2350 648 2412 ouiia
670 2351 830 2412 ambitione
853 2352 1015 2412 fortissimo
1035 2358 1151 2435 cuique

133 2439 268 2500 bellatori
282 2439 380 2519 tradit,
395 2447 428 2498 ut
442 2438 481 2518 hi,
496 2458 563 2499 mox
579 2440 669 2518 pedes
683 2442 713 2500 in
729 2440 845 2501 hostem
859 2440 1042 2503 invaderent.

199 2526 249 2590 68.
274 2527 358 2588 Haud
372 2529 471 2588 minus
485 2530 602 2607 inquies
621 2528 785 2590 Germanus
799 2546 861 2609 spe,
886 2529 1025 2607 cupidine
1048 2541 1083 2594 et
1106 2534 1151 2594 di·

132 2619 226 2678 versis
254 2617 363 2678 ducum
391 2619 546 2678 sententiis
573 2617 692 2696 agebat,
720 2618 853 2678 Arminio
881 2619 1014 2678 sinerent
1043 2622 1151 2700 egredi

132 2723 328 2784 egressosque
350 2723 469 2766 rursum
492 2724 546 2784 per
570 2706 667 2766 umida
690 2714 719 2765 et
742 2705 872 2785 inpedita
891 2707 1151 2771 circumvenirent

132 2794 283 2874 suadente,
302 2795 447 2854 atrociora
466 2793 653 2872 Inguiomero
673 2801 702 2853 et
722 2792 795 2853 laeta
814 2792 961 2873 barbaris,
981 2802 1015 2854 ut
1035 2797 1150 2860 vaiium
1192 2787 1194 2795 ἵ

106 2884 222 2942 sarmis
241 2882 399 2943 ambirent:
421 2890 587 2962 promptam
606 2884 861 2961 expugnationem,
880 2881 981 2961 piures
1000 2878 1157 2967 captivos,¹

132 2974 334 3050 incorruptam
353 2972 491 3050 praedam
510 2971 582 3030 iore.
614 2972 706 3048 igitur
724 2979 787 3031 orta
807 2971 854 3030 die
872 2978 1022 3049 proruunt
1042 2974 1149 3055 fossas,

129 3062 255 3120 iniciunt
274 3067 384 3139 crates,
407 3071 521 3120 summa
540 3058 608 3118 valli
626 3068 780 3139 prensant,
804 3077 870 3119 raro
890 3077 980 3137 super
998 3060 1098 3124 milite
1119 3073 1149 3124 et

131 3151 216 3227 quasi
226 3148 264 3207 ob
278 3156 390 3208 metum
407 3147 511 3207 deiixo.
535 3154 691 3225 postquam
705 3148 828 3207 haesere
842 3149 1046 3229 munimentis,
1057 3151 1148 3212 datur

131 3236 304 3296 cohortibus
328 3238 445 3313 signum
469 3252 639 3313 cornuaque
663 3254 696 3295 ac
724 3236 812 3296 tubae
827 3237 1024 3303 concinuere.
1067 3243 1147 3300 exim

201 3370 247 3435 66,
268 3376 301 3424 26
320 3385 371 3438 per
390 3385 461 3437 quoe
477 3368 600 3437 egeritur
616 3369 779 3424 Rhenanus:
797 3386 879 3438 perq;
898 3369 1006 3439 geritur
1022 3376 1027 3434 Ι
1043 3373 1092 3441 66,
1115 3381 1147 3430 10

129 3441 285 3566 qqoqqqpplb
299 3439 419 3576 gqapqg
434 3441 479 3507 68,
495 3446 511 3494 6
530 3442 713 3510 prorumpunt
727 3440 777 3496 Fr.
791 3442 915 3508 Theonoe,
934 3448 963 3496 at
976 3459 1000 3499 o.
1015 3441 1149 3516 Wdlffla'n
