2392 3876
142 188 184 252 16
490 187 658 243 CORNELII
676 187 795 245 TAGITI

101 353 127 392 ro
141 355 198 416 que
213 336 318 415 lapidis
332 340 393 399 ictu
408 345 552 399 cruentus
566 347 596 399 et
606 340 688 399 exitii
698 346 799 399 certus
810 339 939 403 adcursu
948 341 1152 407 multitudinis

140 443 215 504 quae
230 444 297 486 cum
312 425 407 488 Druso
423 426 581 487 advenerat
594 435 748 506 protectus
762 435 815 488 est.

206 511 257 577 28.
272 514 395 575 Noctem
408 517 553 576 minacem
568 523 598 575 et
611 517 642 575 in
657 515 754 576 scelus
769 523 942 594 erupturam
956 519 1019 581 fors
1034 521 1152 585 lenivit:

140 621 207 664 nam
226 603 294 664 luna
314 603 393 664 claro
413 612 536 682 repente
555 603 636 664 caelo
651 607 711 664 visa
725 603 925 682 languescere.
956 607 987 667 id
1003 609 1093 672 miles
1107 629 1151 672 ra·

139 694 229 752 tionis
247 694 369 768 ignarus
387 710 474 751 omen
492 693 694 769 praesentium
708 695 835 774 accepit,
856 696 919 754 suis
932 694 1088 759 laboribus
1103 699 1151 760 de·

139 780 298 840 lectionem
316 779 424 840 sideris
443 779 636 860 adsimulans,
654 798 855 861 prospereque
874 800 995 845 cessura
1010 802 1071 864 qua
1085 805 1151 866 per-

112 875 256 948 agerent,
282 870 308 927 si
327 867 423 946 fulgor
442 876 472 928 et
491 868 636 929 claritudo
657 869 728 929 deae
747 868 932 932 redderetur.
959 874 1053 950 igitur
1072 877 1152 936 aeris

139 973 225 1036 sono,
246 955 385 1016 tubarum
400 974 605 1035 cornuumque
619 964 767 1018 concentu
781 966 928 1039 strepere3
946 968 1039 1038 prout
1052 963 1151 1042 splen·

139 1044 235 1104 didior
254 1043 459 1124 obscuriorve,
478 1045 581 1105 laetari
601 1053 652 1106 aut
670 1063 816 1126 maerere3
840 1054 871 1107 et
888 1055 1047 1126 postquam
1067 1059 1151 1113 ortae

86 1127 94 1140 '
138 1132 234 1193 nubes
248 1133 375 1193 offecere
389 1135 466 1193 visui
480 1133 687 1213 creditumque
702 1133 851 1195 conditam
864 1135 1011 1218 tenebris,
1030 1145 1066 1198 ut
1081 1148 1152 1201 sunt

139 1220 262 1281 mobiles
280 1221 315 1281 ad
335 1222 577 1299 superstitionem
595 1222 750 1300 perculsae
769 1223 861 1283 semel
879 1216 1006 1305 mentes,
1025 1226 1086 1287 sibi
1106 1246 1150 1288 ae·

100 1322 125 1363 ro
139 1318 258 1369 ternum
272 1307 403 1369 laborem
417 1309 568 1389 portendi,
587 1327 641 1371 sua
660 1311 790 1371 facinora
809 1313 939 1373 aversari
952 1312 1025 1373 deos
1039 1313 1151 1376 lamen·

138 1405 246 1458 tantur.
275 1398 419 1458 utendum
437 1397 628 1458 inclinatione
647 1417 682 1459 ea
695 1398 803 1460 Caesar
821 1407 852 1461 et
870 1418 946 1479 quae
960 1419 1048 1462 casus
1064 1402 1150 1465 obtu-

137 1486 212 1547 lerat
230 1488 261 1547 in
280 1488 454 1564 sapientiam
473 1486 614 1548 vertenda
632 1495 715 1548 ratus
734 1490 887 1549 circumiri
905 1491 1033 1550 tentoria
1051 1491 1151 1572 iubet3

138 1578 251 1637 accitur
271 1577 406 1636 centorio
421 1574 557 1636 Clemens
571 1582 601 1636 et
615 1577 641 1635 si
655 1575 704 1636 alii
718 1575 805 1636 bonis
820 1574 935 1638 artibus
947 1579 1026 1656 grati
1039 1579 1073 1640 in
1089 1579 1151 1641 vul·

136 1683 201 1744 gus
230 1664 261 1724 bi
275 1664 395 1743 vigiliis,
415 1662 605 1744 stationibus,
624 1663 769 1725 custodiis
786 1672 940 1742 portarum
954 1683 987 1727 se
1000 1667 1151 1748 inserunt,

99 1765 124 1805 1⁵
139 1771 220 1832 spem
236 1753 372 1832 offerunt,
386 1760 498 1813 metum
508 1752 675 1813 intendunt.
700 1748 877 1833 ‘quousque
887 1753 1150 1833 filiumimperato·

138 1845 180 1901 ris
194 1837 418 1900 obsidebimus?
436 1843 504 1919 quis
518 1843 714 1901 certaminum
729 1839 819 1902 finis?
837 1841 1042 1903 Percennione
1058 1853 1091 1905 et
1105 1845 1151 1906 Vi·

137 1923 481 1989 buleno'sacramentum
500 1928 611 1989 dicturi
628 1927 754 1990 sumus?
782 1929 966 1990 Percennius
985 1937 1016 1990 et
1030 1930 1149 1994 Vibule·

137 2035 194 2076 nus
213 2016 359 2094 stipendia
377 2016 534 2097 militibus,
553 2035 639 2098 agros
659 2019 791 2079 emeritis
809 2015 995 2097 largientur?
1018 2018 1150 2101 denique

137 2122 190 2182 pro
201 2103 368 2164 Neronibus
383 2112 412 2165 et
422 2105 527 2166 llrusis
541 2108 700 2184 imperium
713 2106 816 2186 populi
829 2106 955 2167 Romani
968 2106 1151 2185 capessent?

97 2204 123 2243 20
138 2194 209 2270 quin
224 2194 332 2272 potius,
347 2195 543 2254 utnovissimi
557 2196 589 2254 in
599 2193 724 2273 culpam,
740 2197 780 2255 ita
789 2197 880 2274 primi
889 2195 925 2256 ad
934 2197 1151 2273 paenitentiam

137 2278 262 2341 sumus?
276 2280 359 2341 tarda
370 2290 440 2342 sunt
450 2300 526 2362 quae
536 2284 567 2342 in
577 2300 734 2343 commune
748 2283 987 2361 expostulentur:
1001 2286 1149 2362 privatam

136 2371 260 2446 gratiam
275 2371 374 2430 statim
389 2388 530 2450 mereare,
545 2373 643 2432 statim
657 2367 808 2449 recipias.²
836 2373 990 2433 commotis
1005 2390 1061 2449 per
1076 2374 1149 2435 hacc

135 2457 284 2517 mentibus
299 2465 329 2518 et
342 2460 421 2518 inter
435 2476 467 2518 se
482 2460 642 2538 suspectiS,
655 2460 783 2520 tironem
798 2478 814 2520 a
828 2467 981 2540 veterano,
1000 2459 1149 2539 legionem

136 2563 153 2606 a
175 2545 291 2623 legione
315 2547 484 2606 dissociant.
521 2555 585 2607 tum
607 2546 707 2607 redire
730 2548 871 2624 paulatim
894 2565 977 2608 amor
995 2548 1149 2630 obsequii:

96 2645 122 2686 2⁵
136 2635 277 2694 omittunt
295 2642 408 2713 portas,
420 2637 515 2720 *signa
534 2653 626 2696 unum
645 2638 677 2696 in
699 2634 797 2696 locum
820 2637 967 2716 principio
991 2637 1149 2699 seditionis

136 2729 312 2800 congregata
327 2739 395 2782 suas
410 2725 440 2781 in
455 2722 541 2782 sedes
555 2725 699 2784 referunt.

202 2807 253 2871 29.
269 2810 383 2869 Drusus
397 2817 462 2870 orto
477 2808 524 2869 die
540 2818 570 2871 et
582 2820 685 2872 vocata
699 2813 854 2894 contione,
870 2831 1048 2892 quamquam
1063 2816 1149 2877 rudis

136 2898 262 2977 dicendi,
277 2896 429 2958 nobilitate
443 2899 574 2975 ingenita
588 2900 705 2960 incusat
719 2902 828 2980 priora,
843 2902 950 2980 probat
964 2905 1150 2983 praesentim

136 2995 224 3064 negat
242 3004 275 3046 se
294 2993 408 3046 terrore
423 2993 453 3046 et
466 2987 556 3046 minis
571 2988 662 3049 vinci:
680 2987 772 3047 llexos
787 2989 823 3048 ad
837 2989 1011 3049 modestiam
1027 2992 1053 3051 si
1069 2992 1150 3053 vide·

208 3173 292 3239 28‚2
317 3173 392 3226 claro
415 3174 530 3243 repente
548 3173 675 3241 Lipsius:
698 3172 821 3228 clamore
843 3174 929 3244 plena
952 3177 1039 3244 (claro
1062 3179 1151 3248 plena

141 3243 331 3299 Weissenborn
349 3245 407 3298 coll.
425 3244 479 3299 Cic.
494 3245 526 3298 de
539 3243 607 3312 Rep.
624 3250 650 3310 1,
665 3248 710 3311 15)
726 3246 731 3312 Ι
747 3249 764 3298 3
779 3244 836 3298 suis
849 3246 1033 3302 Freinshea'na:
1053 3250 1148 3322 asaia!

136 3321 229 3382 iqua
246 3316 417 3385 Nipperdey:
437 3330 508 3382 quaa
528 3316 595 3382 (quo
613 3314 710 3368 Heium
730 3313 857 3382 adquae
877 3317 969 3383 Orelli,
989 3335 1061 3385 quaa
1083 3337 1150 3390 uge-

136 3388 207 3451 ram,
223 3401 295 3452 quae
307 3386 441 3455 pararent
454 3386 517 3451 aiii3
537 3401 679 3439 cessurum
688 3391 832 3453 praeterea
846 3389 962 3442 mutarit
975 3388 1150 3462 Nipperdey,

136 3461 166 3508 ot
184 3463 253 3511 recte
270 3458 374 3512 dictum
391 3458 499 3512 uidetur
517 3471 635 3522 cessura,
655 3456 674 3509 i.
689 3471 709 3508 e.
724 3461 817 3525 coepta
829 3474 850 3513 s.
865 3474 907 3512 res
925 3464 1032 3522 coeptos
1049 3476 1083 3515 ea
1102 3464 1150 3517 uio

136 3541 191 3595 qua
206 3531 359 3598 pergerent)
376 3529 380 3598 Ι
398 3535 431 3584 10
450 3526 602 3595 aduersari,
617 3544 663 3583 em.
678 3524 831 3583 Rumam
846 3532 850 3560 ¹
868 3534 901 3582 ¹4
918 3526 950 3580 hi
968 3529 1100 3584 Weilrert:
1120 3533 1151 3586 in
