2392 3876
266 207 314 262 AB
333 206 494 263 EXGESSU
511 205 668 263 AUGUSTI
685 207 706 263 1.
726 213 839 263 tr-ta.
1025 207 1066 272 13

55 359 181 420 tinentis
195 359 386 419 centuriones
400 359 497 417 inrisu
510 363 541 416 et
555 356 751 436 contumeliis,
769 363 920 434 postremo
934 355 1064 416 verberi·
1080 365 1092 406 ⁵

32 454 35 458 '
56 447 115 508 bus
127 448 325 525 insectantur,
340 447 498 524 praecipua
512 446 543 504 in
557 445 745 505 Aufidienum
759 444 868 506 Rufum
884 445 1066 524 praelectum

56 542 225 595 castrorum
251 536 308 615 ira,
345 551 434 612 quem
457 533 613 612 dereptum
635 532 771 594 vehiculo
797 535 922 594 sarcinis
944 541 1067 612 gravant

56 630 208 703 aguntque
226 625 322 701 primo
341 624 372 682 in
389 624 517 703 agmine,
535 640 589 701 per
603 621 764 683 ludibrium
778 624 942 700 rogitantes
956 640 992 682 an
1006 630 1067 682 tam

56 714 202 772 immensa
213 729 317 792 onera,
331 720 392 771 tam
402 711 489 788 longa
500 712 607 770 itinera
621 709 748 771 libenter
763 711 863 771 ferret.
887 713 997 789 quippe
1008 711 1066 771 Ru·

57 799 106 861 lus
125 799 177 860 diu
194 799 399 880 manipularis,
421 799 490 860 dein
508 801 657 880 centurio,
677 817 745 860 mox
764 801 869 859 castris
888 800 1107 880 praelectus,10

57 891 209 968 antIquam
228 889 391 967 duramque
410 888 544 949 militiam
562 887 732 969 revocabat,
751 896 837 949 vetus
857 890 956 967 operis
974 907 1008 949 ac
1027 887 1066 948 la·

58 975 141 1036 boris
155 984 186 1037 et
199 994 233 1038 eo
247 979 392 1057 inmitior,
408 979 476 1057 quia
490 977 674 1053 toleraverat.

126 1061 177 1126 21.
200 1063 313 1127 Horum
322 1066 450 1127 adventu
459 1067 679 1146 redintegratur
690 1066 810 1147 seditio,
825 1075 855 1127 et
864 1069 930 1145 vagi
939 1068 1065 1127 circum-

58 1155 136 1215 ieota
147 1153 373 1234 populabantur.
395 1155 517 1222 Blaesus
531 1173 655 1236 paucos,
671 1158 797 1216 maxime
811 1155 920 1234 praeda
934 1162 1066 1235 onustos,

58 1243 95 1303 ad
112 1250 259 1305 terrorem
273 1251 442 1305 ceterorum
461 1244 546 1305 adlici
564 1243 751 1320 verberibus,
770 1244 868 1305 claudi
885 1261 1005 1304 carcere
1021 1245 1065 1302 iu·

57 1330 121 1411 bet3
135 1350 203 1393 nam
217 1334 382 1393 etiamtum
397 1331 493 1409 legato
508 1350 524 1392 a
538 1331 763 1393 centurionibus
778 1340 808 1392 et
821 1334 932 1411 optimo
947 1349 1066 1410 quoque

57 1419 286 1497 manipularium
297 1419 465 1498 parebatur.
489 1418 532 1477 illi
541 1418 636 1478 obniti
647 1419 842 1494 trahentibus,
858 1437 998 1499 prensare
1009 1422 1065 1479 cir·
1080 1426 1093 1468 ⁵

58 1509 270 1567 cumstantium
289 1524 397 1586 genua,
418 1508 498 1565 ciere
516 1505 602 1565 modo
622 1507 740 1564 nomina
759 1505 956 1586 singulorum,
979 1507 1067 1568 modo

59 1595 226 1654 centuriam
241 1595 368 1672 quisque
384 1594 471 1653 cuius
489 1591 682 1672 manipularis
698 1601 774 1674 erat,
793 1593 959 1673 cohortem,
977 1594 1067 1671 legio·

58 1698 142 1760 nem,
156 1680 258 1741 cadem
273 1679 410 1742 omnibus
424 1682 570 1741 inminere
584 1680 776 1742 clamitantes.
808 1681 897 1741 simul
915 1681 1023 1760 probra
1036 1684 1069 1741 in

58 1770 189 1847 legatum
203 1769 367 1849 cumulant,
386 1768 500 1830 caelum
514 1787 547 1830 ac
562 1769 634 1847 deos
650 1769 851 1850 obtestantur,
870 1769 945 1830 nihil
961 1769 1069 1848 reliqui

57 1859 172 1918 iaciunt
181 1877 239 1938 quo
250 1859 349 1919 minus
358 1857 498 1918 invidiam
510 1859 744 1919 misericordiam
758 1866 871 1920 metum
885 1866 915 1920 et
928 1860 989 1919 iras
1000 1876 1067 1937 per·
1082 1866 1108 1905 1⁰

57 1955 218 2008 moverent.
253 1947 423 2008 adcurritur
441 1945 477 2006 ab
497 1949 656 2027 universis,
680 1953 711 2007 et
728 1964 850 2008 carcere
869 1947 990 2007 effracto
1010 1946 1068 2007 sol-

16 2046 22 2055 ·
57 2043 131 2096 vunt
152 2034 268 2095 vincula
289 2035 517 2114 desertoresque
541 2053 575 2096 ac
597 2052 700 2095 rerum
723 2035 892 2115 capitalium
915 2034 1068 2096 damnatos

58 2123 117 2184 sibi
135 2125 194 2184 iam
212 2125 346 2184 miscent.
440 2116 443 2123 ’

125 2209 177 2272 22.
200 2211 384 2291 Flagrantior
400 2211 470 2273 inde
488 2214 545 2291 vis,
565 2211 668 2290 plures
687 2211 826 2272 seditioni
844 2211 945 2272 duces.
973 2221 1003 2272 et
1021 2210 1068 2271 Vi·

58 2299 185 2361 bulenns
200 2300 319 2379 quidam
333 2302 486 2380 gregarius
500 2299 598 2379 miles,
618 2307 686 2360 ante
700 2299 831 2360 tribunal
844 2299 941 2360 Blaesi
955 2299 1068 2359 adleva-

59 2398 108 2450 tus
119 2390 376 2449 circumstantium
387 2390 508 2468 umeris,
523 2388 600 2466 apud
615 2388 750 2449 turbatos
765 2388 877 2467 etquid
892 2397 1010 2466 pararet
1023 2390 1067 2448 in·

58 2484 157 2538 tentos
179 2472 242 2537 ‘vos
263 2472 394 2556 quidem'
415 2479 513 2554 inquit
534 2472 593 2536 ‘his
613 2476 822 2536 innocentibus
844 2485 874 2536 et
892 2478 1068 2536 miserrimis

59 2565 156 2626 lucem
171 2573 201 2625 et
214 2566 352 2642 spiritum
366 2564 551 2625 reddidistis:
566 2563 618 2623 sed
630 2565 697 2642 quis
711 2564 796 2624 fratri
810 2581 876 2624 meo
888 2566 986 2643 vitam,
1001 2566 1068 2641 quis
1082 2578 1095 2618 s

59 2656 182 2714 t'ratrem
196 2653 268 2712 mihi
282 2649 401 2713 reddit?
415 2669 504 2731 quem
519 2653 643 2711 missum
657 2652 693 2712 ad
704 2670 756 2712 vos
769 2671 784 2712 a
795 2651 969 2713 Germanico
985 2671 1068 2711 exer·

60 2743 124 2799 citu
141 2738 178 2798 de
197 2739 403 2800 communibus
422 2738 585 2800 commodis
602 2747 689 2800 nocte
705 2742 839 2819 proxima
855 2740 998 2819 iugulavit
1014 2758 1069 2818 per

60 2825 238 2904 gladiatores
252 2843 334 2907 snos,
349 2844 424 2906 quos
437 2829 468 2886 in
483 2828 606 2887 exitium
619 2829 747 2889 militum
761 2828 850 2888 habet
864 2838 952 2908 atque
965 2837 1068 2888 armat.

59 2913 222 2994 responde,
245 2912 361 2993 blaese,
385 2914 437 2974 ubi
455 2914 578 2976 cadaver
596 2915 754 2977 abieceris:
773 2935 810 2977 ne
828 2917 930 2977 hostes
949 2918 1069 2997 quidem

58 3003 213 3083 sepultura
224 3002 366 3063 invident.
389 3019 456 3062 cum
470 3003 587 3085 osculis,
601 3023 670 3066 cum
685 3004 813 3066 lacrimis
826 3005 956 3066 dolorem
970 3023 1068 3066 meum
1083 3020 1109 3060 10

58 3092 229 3173 implevero,
243 3108 290 3152 me
303 3108 421 3172 quoque
434 3092 575 3152 trucidari
589 3091 667 3173 iube,
683 3093 752 3154 dnm
767 3094 941 3154 interlectos
954 3093 1068 3154 nullum

56 3182 96 3242 ob
112 3180 218 3294 soplus,
237 3181 290 3242 sed
305 3183 373 3261 quia
388 3179 508 3241 utilitati
521 3179 670 3260 legionum
685 3181 920 3260 consulebamus,
938 3180 970 3241 bi
986 3199 1069 3259 sepe·

58 3269 139 3331 liant.

128 3404 175 3470 20,
195 3409 226 3458 11
247 3404 327 3458 vetus
345 3403 473 3474 Lipsius:
492 3402 569 3459 intus
588 3403 724 3473 (intentus
749 3404 922 3470 Vulcanius)

54 3474 308 3616 Lip5ss2'tiicmus
327 3474 445 3543 quisque
463 3474 661 3546 Bezzenberyer
682 3477 686 3543 Ι
709 3474 755 3542 22,
774 3481 790 3528 9
810 3473 951 3543 oblegeris
967 3474 971 3542 Ι
989 3481 1021 3530 12
1039 3474 1071 3530 hi
