2392 3876
282 177 331 232 AB
349 175 511 233 EXOESSU
529 175 684 233 AUGUSTI
701 176 760 233 XII.
780 183 893 234 42-46.
1014 176 1080 242 239

71 345 175 389 aercae
194 327 270 388 odiis
287 328 383 405 impar
406 327 504 405 pergit
522 325 557 386 ad
576 334 729 408 patruum,
753 326 903 405 multaque
923 325 959 387 ab
978 345 1013 387 eo
1032 344 1080 388 co·

70 419 172 479 mitate
191 417 221 477 in
241 417 370 495 speciem
388 414 515 476 liberum
534 415 633 476 cultus
651 417 798 494 primores
815 414 1023 477 Armeniorum
1043 414 1078 475 ad

71 522 120 566 res
134 522 225 566 novas
237 504 347 582 inlicit,
360 505 462 583 ignaro
478 511 508 564 et
522 511 645 565 ornante
659 505 783 583 insuper
796 502 973 564 Mithridate.

136 589 189 655 45.
215 591 474 654 Reconciliationis
502 595 601 671 specie
628 591 783 672 adsumpta
805 609 1020 671 regressusque
1043 591 1079 653 ad

71 691 198 762 patrem,
218 700 293 761 quae
313 681 415 742 iraude
434 681 541 742 conlici
554 683 720 762 potuerint,
739 688 874 761 prompta
889 682 1018 758 nuntiat,
1032 697 1078 740 ce·

71 780 135 833 tera
144 773 233 833 armis
243 769 439 850 exsequenda.
463 771 582 831 interim
591 768 803 831 Pharasmanes
817 769 1079 830 bellicausascon-

72 862 168 939 lingit:
181 859 338 940 proelianti
352 857 410 918 sibi
423 857 564 920 adversus
578 875 679 937 regem
693 858 874 919 Albanorum
885 866 918 926 et
932 857 1079 918 Romanos

72 949 179 1009 auxilio
193 949 311 1008 vocanti
325 947 446 1007 lratrem
460 946 659 1028 adversatum,
673 965 796 1027 eamque
811 948 949 1008 iniuriam
964 945 1079 1007 excidio
1093 958 1107 999 ὁ

73 1039 167 1115 ipsius
185 1035 279 1097 ultum
299 1037 425 1114 iturum,
443 1034 531 1095 simul
549 1051 669 1113 magnas
687 1039 787 1114 copias
802 1036 861 1096 lilio
874 1036 1004 1097 tradidit.
1030 1034 1080 1095 ille

72 1126 242 1203 inruptione
250 1121 348 1184 subita
356 1125 494 1183 territum
502 1129 683 1203 exutumque
691 1123 1081 1203 campishlithridatenoom·

72 1212 148 1293 pulit
162 1215 192 1273 in
208 1211 360 1273 castellum
374 1211 519 1291 Gorneas,
537 1218 635 1273 tutum
653 1211 717 1273 loco
736 1230 770 1273 ac
783 1213 931 1291 praesidio
945 1212 1081 1294 militum,

74 1304 141 1382 quis
155 1300 270 1363 Caelius
285 1299 376 1361 Pollio
395 1302 576 1381 praelectuS,
594 1302 730 1361 centurio
744 1299 902 1379 Casperius
915 1308 1081 1380 praeerant.

73 1391 147 1451 nihil
164 1399 224 1466 tarn
243 1392 378 1468 ignarum
392 1388 525 1450 barbaris
539 1406 627 1468 quam
641 1388 875 1450 machinamenta
890 1398 920 1450 et
933 1397 1015 1450 astus
1031 1407 1080 1466 op·
1096 1400 1122 1440 10

74 1480 301 1558 pugnationum:
324 1484 354 1538 at
377 1475 463 1538 nobis
486 1495 520 1539 ea
543 1494 612 1556 pars
635 1476 755 1538 militiae
774 1479 898 1537 maxime
916 1495 1007 1556 gnara
1027 1488 1080 1537 est.

73 1571 114 1629 ita
124 1566 310 1627 Radamistus
321 1566 430 1626 frustra
440 1566 486 1626 vel
500 1584 568 1627 cum
583 1565 688 1627 damno
703 1567 853 1644 temptatis
867 1565 1082 1626 munitionibus

74 1655 223 1717 obsidium
245 1656 362 1734 incipit,
385 1662 501 1715 etcum
521 1657 564 1715 vis
585 1654 805 1735 neglegeretur,
826 1656 977 1715 avaritiam
998 1672 1082 1732 prae-

75 1746 145 1805 lecti
163 1751 344 1823 emereatur,
363 1742 528 1805 obtestante
547 1742 699 1823 Casperio,
717 1760 755 1804 ne
774 1746 873 1804 socius
892 1761 957 1823 rex,
976 1760 1014 1803 ne
1029 1743 1081 1802 hr-

74 1835 171 1893 menia
190 1833 300 1892 donum
318 1832 420 1910 populi
434 1831 558 1893 Romani
576 1831 688 1893 scelere
703 1839 733 1893 et
746 1834 872 1911 pecunia
886 1839 1082 1892 verterentur.
1097 1841 1122 1881 1⁵

74 1929 224 2002 postremo
239 1922 307 1999 quia
321 1920 540 1982 multitudinem
554 1920 684 1982 hostium
699 1919 790 1980 Pollio
795 1968 804 2001 ,
822 1922 902 1982 iussa
920 1922 1013 1999 patris
1027 1919 1082 1980 lla-

75 2011 218 2072 damistus
232 2008 443 2089 obtendebant,
457 2017 562 2088 pactus
575 2010 704 2070 indutias
718 2008 864 2090 abscedit,
877 2017 924 2089 ut,
938 2010 996 2070 nisi
1009 2008 1082 2069 Pha·

75 2118 240 2161 rasmanem
254 2097 330 2159 hello
345 2097 568 2179 absterruisset,
582 2096 761 2159 Ummidium
776 2096 957 2168 Quadratum
972 2099 1083 2176 praesi-

75 2189 142 2257 dem
153 2188 257 2249 Suriae
272 2186 406 2269 doceret,
420 2206 480 2266 quo
494 2189 525 2248 in
540 2195 618 2249 statu
633 2188 770 2248 Armenia
785 2187 871 2248 foret.

141 2274 192 2338 46.
215 2275 356 2354 Digressu
376 2278 559 2337 centurionis
578 2275 660 2336 velut
680 2276 804 2336 custode
826 2275 979 2337 exsolutus
1000 2292 1083 2353 prae·

77 2365 171 2426 lectus
185 2364 299 2425 hortari
312 2363 502 2425 Mithridaten
516 2365 552 2425 ad
567 2364 760 2425 sanciendum
773 2365 887 2444 foedus,
901 2365 1083 2425 coniunctio-

76 2447 144 2515 nem
158 2454 282 2514 fratrum
297 2471 331 2514 ac
344 2455 475 2531 priorem
489 2459 584 2513 aetate
599 2451 816 2513 Pharasmanen
829 2461 860 2512 et
874 2459 972 2512 cetera
982 2469 1084 2512 neces·
1139 2509 1140 2512 ,

77 2540 238 2602 situdinum
257 2542 376 2601 nomina
393 2540 540 2620 referens,
559 2539 639 2619 quod
657 2538 745 2600 liliam
764 2541 829 2599 eius
847 2541 879 2600 in
897 2540 1084 2599 matrimonio

76 2627 212 2707 haberet,
230 2628 309 2706 quod
328 2630 392 2706 ipse
411 2626 579 2688 Radamisto
599 2645 683 2688 socer
702 2634 794 2688 esset:
813 2645 872 2688 non
890 2626 1020 2687 abnuere
1035 2639 1111 2706 pat

77 2735 141 2778 cem
168 2714 308 2795 Hiberos,
336 2732 513 2795 quamquam
540 2717 571 2776 in
598 2723 732 2795 tempore
759 2714 928 2797 validiores3
956 2723 986 2777 et
1013 2717 1085 2776 satis

76 2806 224 2883 cognitam
246 2804 453 2865 Armeniorum
475 2804 641 2883 perfidiam,
668 2821 724 2865 nec
746 2802 826 2865 aliud
849 2803 974 2865 subsidii
996 2820 1085 2885 quarn

76 2893 229 2956 castellum
239 2901 404 2955 commeatu
415 2911 554 2972 egenum:
568 2911 605 2954 ne
615 2893 705 2955 dubia
714 2899 829 2955 tentare
840 2894 929 2954 armis
940 2912 1028 2973 qnam
1042 2896 1085 2954 in-

146 3100 192 3168 44,
214 3107 245 3156 19
265 3101 383 3156 ornante
401 3100 529 3169 mastos:
557 3101 656 3155 orante
679 3101 686 3166 1
709 3099 755 3168 tt,
774 3105 791 3154 2
810 3115 883 3168 qnae
901 3141 908 3154 .
929 3141 935 3154 .
953 3099 1086 3170 prompta

76 3174 203 3243 Imperare
222 3188 279 3240 qna
297 3213 304 3226 .
324 3214 330 3226 .
349 3172 530 3244 promptuli
549 3170 649 3226 castris
672 3171 768 3227 Honor
783 3172 787 3240 Ι
804 3177 820 3227 9
846 3173 997 3241 praeerant
1023 3186 1085 3226 noa:

75 3245 205 3314 praeerat
220 3248 224 3309 Ι
242 3249 274 3298 11
295 3243 339 3314 [at
357 3284 363 3297 .
383 3283 390 3298 .
410 3258 500 3312 gnara
516 3243 572 3314 est]
590 3243 682 3300 Ritter
697 3245 702 3313 Ι
719 3247 752 3298 1⁶
769 3240 891 3312 pecnnia
913 3242 1059 3297 uterentur
1079 3242 1083 3312 t

77 3322 109 3370 tt
123 3316 185 3381 fort.
200 3313 409 3369 Pharasmanen
423 3316 429 3385 Ι
446 3319 479 3369 18
493 3312 680 3381 tummidium‚
700 3313 855 3369 ern.1litter
870 3316 874 3381 Ι
893 3318 924 3367 19
943 3312 1085 3366 armeniae

78 3386 82 3457 1
102 3384 149 3452 46,
164 3391 180 3442 t
197 3384 321 3457 cognita,
339 3403 387 3441 ern.
401 3385 518 3455 Lipsius
532 3388 537 3450 Ι
553 3391 570 3440 8
584 3385 742 3441 commeatio
758 3385 975 3453 (commeatuum
988 3385 1034 3449 ot,
1046 3400 1086 3438 an

76 3457 247 3512 commeatus
260 3457 285 3526 ,9)
300 3461 305 3524 Ι
321 3472 357 3512 ne
376 3456 462 3512 dubia
479 3456 589 3511 tentare
608 3496 614 3508 .
634 3497 641 3512 .
661 3455 761 3510 mallet
778 3455 884 3511 Sutor:
902 3469 938 3509 ne
957 3452 1085 3508 dubitare

76 3570 81 3580 .
98 3570 105 3583 .
121 3525 208 3583 malle
222 3529 268 3597 (ne
281 3527 425 3584 dubitaret
442 3525 528 3582 armis
547 3525 705 3583 incruentas
725 3525 804 3582 cond.
819 3525 905 3581 malle
921 3524 1084 3593 &ostenaet
