2392 3876
122 163 186 229 246
473 161 776 220 conuunumcrn

189 309 240 374 59.
259 311 298 374 dt
312 311 452 374 Claudius
471 314 640 373 saevissima
659 331 793 393 quaeque
807 332 946 394 promere
962 280 1144 397 adigebatur

122 402 255 464 eiusdem
274 401 452 481 Agrippinae
471 400 598 482 artibus,
616 419 691 480 quae
711 401 858 464 Statilium
876 403 1015 466 Taurum
1035 407 1144 486 opibus

122 491 280 552 Inlustrem
302 490 397 550 hortis
422 491 486 550 eius
505 489 622 550 inhians
639 492 784 569 pervertit
801 499 961 554 accusante
981 494 1145 575 Tarquitio

122 580 234 642 Prisco.
270 579 385 658 legatus
408 580 434 639 is
452 578 543 639 Tauri
561 578 690 639 Africam
712 581 837 660 imperio
859 583 1075 660 proconsulari
1100 602 1145 645 re·

96 671 232 750 egentis,
251 676 407 748 postquam
426 674 613 746 remearant,
635 685 728 745 pauca
747 668 981 747 repetundarum
1004 673 1145 752 crimina,

80 831 83 839 ἱ
123 768 257 819 ceterum
274 757 402 834 magicas
421 757 648 832 superstitiones
667 755 841 818 obiectabat.
878 775 933 818 uec
951 757 1005 820 ille
1025 761 1146 823 diutius

123 847 228 907 salsum
251 851 466 923 accusatorem,
496 843 632 922 indignas
661 844 765 906 sordes
789 863 950 925 perpessus
975 849 1040 909 vim
1064 853 1146 912 vitae

123 953 193 995 suae
208 933 305 994 attulit
319 939 387 992 aute
403 933 579 992 sententiam
594 940 723 994 senatus.
751 932 923 1013 Tarquitius
936 941 1042 998 tamen
1057 941 1147 1000 curia

123 1030 244 1083 exactus
258 1028 312 1100 est,
327 1020 404 1098 quod
420 1027 520 1097 patres
534 1019 601 1080 odio
616 1020 755 1082 delatoris
765 1028 867 1083 contra
878 1022 1026 1085 ambitum
1036 1025 1147 1107 Agrip·

83 1125 108 1165 ro
122 1113 208 1189 piuae
223 1111 384 1188 pervicere.

190 1196 241 1260 60.
269 1197 379 1258 Eodem
404 1215 480 1258 anuo
506 1200 624 1276 saepius
649 1198 748 1259 audita
771 1216 827 1259 vox
848 1200 1008 1281 principis,
1036 1221 1147 1282 parem

123 1290 182 1349 vim
196 1305 298 1348 rerum
311 1285 476 1347 habendam
494 1304 511 1346 a
528 1286 773 1364 procuratoribus
792 1290 855 1348 suis
872 1287 1091 1373 iudicatarum,
1112 1312 1147 1355 ac

123 1379 150 1438 si
163 1379 227 1456 ipse
243 1377 403 1437 statuisset.
432 1393 465 1435 ac
479 1393 517 1435 ne
532 1376 653 1436 fortuito
668 1375 825 1455 prolapsus
838 1376 1000 1458 rideretur,
1016 1389 1146 1443 senatus

124 1485 243 1546 quoque
258 1464 393 1527 consulto
408 1469 526 1525 cautum
541 1463 658 1542 plenius
673 1482 761 1543 quam
771 1471 856 1526 antea
870 1472 900 1525 et
913 1463 1049 1529 uberius.
1073 1488 1145 1531 nam

97 1555 209 1617 odivus
228 1554 380 1634 Augustus
403 1552 481 1631 apud
505 1559 672 1632 equestres,
697 1555 749 1631 qui
766 1552 898 1633 Aegypto
920 1557 1146 1640 praesiderent,

124 1646 188 1724 lege
212 1646 259 1723 agi
281 1643 459 1721 decretaque
483 1658 587 1701 eorum
608 1642 732 1719 perinde
755 1641 859 1702 haberi
882 1645 1025 1725 iusserat,
1055 1663 1094 1708 ac
1120 1651 1146 1709 si

124 1735 314 1812 magistratus
328 1731 452 1791 Romani
467 1731 705 1810 constituisseut3
724 1748 792 1790 mox
811 1730 882 1791 alias
895 1748 949 1810 per
967 1735 1145 1810 provincias

125 1825 199 1882 etin
214 1820 288 1882 urbe
307 1819 448 1899 pleraque
468 1835 609 1879 concessa
627 1824 710 1898 sunt,
730 1836 805 1897 quae
824 1818 893 1879 olim
912 1837 928 1879 a
946 1824 1145 1898 praetoribus

124 1909 332 1972 noscebantur.
360 1907 500 1969 Claudius
514 1924 600 1967 omne
614 1908 662 1967 ius
676 1906 810 1987 tradidit,
829 1906 866 1968 de
885 1926 944 1987 quo
962 1911 1077 1972 totiens
1098 1931 1145 1974 se·

84 2014 110 2055 10
125 2000 235 2060 ditione
259 2005 311 2058 aut
298 1999 423 2058 tarmis
446 2001 605 2075 certatum,
633 2013 701 2057 cum
726 1994 909 2075 Semproniis
932 2001 1145 2076 rogationibus

124 2094 265 2168 equester
283 2085 382 2146 ordo
374 2103 405 2146 m
418 2085 607 2163 possessione
620 2083 799 2145 iudiciorum
816 2084 928 2145 locaret
915 2092 977 2166 tur,
1001 2095 1055 2149 aut
1074 2108 1144 2151 rur

18 2214 57 2231 ,ψ
125 2195 191 2237 sum
207 2176 347 2236 Serviliae
365 2174 446 2252 leges
465 2174 580 2234 senatui
598 2171 708 2233 iudicia
726 2172 886 2234 redderent
890 2173 1094 2254 ,Mariusque
1115 2189 1168 2258 et,

126 2264 205 2326 Sulla
225 2263 294 2324 olim
313 2264 349 2324 de
369 2281 404 2324 eo
422 2261 469 2323 vel
486 2244 645 2340 praecipue
664 2259 817 2322 bellarent
845 2261 897 2322 sed
912 2268 984 2324 tuuc
997 2265 1144 2327 ordinum

126 2355 241 2415 diversa
255 2352 362 2431 studia,
377 2359 407 2412 et
421 2368 495 2430 quae
511 2350 660 2411 evicerant
673 2348 791 2427 publice
805 2349 948 2411 valebant
976 2349 1007 2413 d.
1022 2351 1144 2432 Oppius

86 2457 111 2498 15
127 2451 156 2505 ct
170 2441 325 2504 Cornelius
339 2439 449 2501 balbus
463 2439 552 2518 primi
565 2436 699 2500 Caesaris
719 2437 825 2517 opibus
843 2445 969 2518 potuere
988 2441 1144 2504 condicio·

126 2550 179 2594 nes
193 2533 275 2611 pacis
290 2538 320 2591 et
333 2529 455 2590 arbitria
468 2527 539 2588 belli
552 2533 688 2589 tractare.
720 2526 825 2588 llatios
844 2527 967 2606 posthac
985 2535 1016 2588 et
1029 2528 1144 2594 Vedios

126 2630 156 2683 et
182 2629 281 2681 cetera
306 2620 439 2698 equitum
465 2617 664 2677 Romanorum
691 2615 856 2694 praevalida
881 2618 1000 2678 nomina
1023 2617 1144 2682 reterre

125 2709 199 2768 nihil
223 2709 389 2786 attinuerit,
417 2724 486 2767 cum
508 2705 648 2767 Claudius
669 2704 805 2784 libertos,
834 2722 910 2783 quos
932 2706 978 2766 rei
1000 2705 1145 2770 familiari

125 2797 322 2875 praefecerat,
338 2794 454 2873 sibique
469 2801 499 2854 et
512 2793 628 2872 legibus
642 2792 857 2871 adaequaverit.
974 2847 982 2853 .
1151 2839 1153 2845 Α

193 2880 243 2943 61.
267 2881 394 2943 Rettulit
415 2882 484 2943 dein
503 2883 539 2943 de
557 2883 733 2942 inmunitate
752 2880 820 2943 Cois
837 2881 1008 2962 tribuenda,
1031 2883 1142 2946 multa-

127 2991 185 3053 que
204 2989 295 3049 super
313 2971 488 3047 antiquitate
507 2987 610 3030 eorum
624 2971 810 3031 memorarit:
828 2969 952 3049 Argivos
966 2969 1012 3030 vel
1026 2969 1143 3035 Coeum

127 3063 255 3124 Latonae
278 3065 431 3140 parentem
455 3059 671 3118 vetustissimos
694 3055 807 3118 insulae
831 3058 975 3141 cultores,
997 3076 1066 3120 mox
1090 3063 1143 3122 ad·

199 3233 245 3300 bd,
266 3238 280 3287 ι
304 3228 435 3298 indignas
459 3227 555 3282 sordes
577 3228 676 3283 Jacob.
704 3226 823 3298 indigna
841 3229 930 3283 sortes
945 3231 951 3294 Ι
966 3228 1012 3298 dd,
1032 3229 1142 3286 aiudi-

129 3307 265 3371 catorum,
280 3319 328 3358 em.
338 3301 489 3356 Rhenanus
504 3302 508 3364 Ι
525 3305 541 3353 3
555 3298 688 3369 prolapsa
697 3299 831 3354 Heinsius
846 3303 851 3364 Ι
867 3298 1003 3369 ιοιιιιιιοι
1005 3270 1143 3358 illustres

128 3378 183 3432 Ad.
203 3344 337 3439 scabida,
364 3369 472 3440 equites
490 3369 569 3424 Rom.
589 3370 687 3425 Baiter
701 3371 706 3439 Ι
722 3375 738 3425 6
757 3368 887 3452 perinde]
904 3369 993 3440 prode
1010 3371 1143 3440 (proinde

129 3450 178 3572 qil)
194 3451 198 3514 Ι
215 3443 400 3500 liemcerant
409 3443 553 3498 Henetus
568 3440 679 3496 uicereo
682 3442 715 3512 1
730 3441 776 3510 61
789 3446 805 3495 a
820 3444 921 3510 Argros
935 3448 951 3498 1
964 3458 998 3498 m.
1015 3445 1020 3513 Ι
1036 3439 1145 3498 Coeum

164 3533 281 3573 ercerus
300 3533 363 3572 cum
