2392 3876
267 176 316 230 AB
333 175 494 233 EXGESSU
510 175 670 232 AUGUSTI
688 176 735 232 VI.
755 182 867 233 tit-17.
999 175 1061 240 177

56 329 181 407 ratique,
200 332 231 386 et
248 342 352 388 serora
369 327 462 405 patris
480 324 637 404 disciplina
651 325 777 386 eductus
790 324 930 386 facilitate
944 327 1063 403 saepius

56 413 305 496 quamiudustria
318 411 587 475 commendabatur.
620 412 690 475 buic
704 412 875 494 Drusillam,
889 412 1003 474 Vinicio
1017 411 1064 475 lu·

57 504 127 565 bam
149 502 323 564 Germanico
346 504 461 581 genitas
485 504 638 580 coniungit
662 519 811 580 superque
835 520 869 563 ea
891 520 925 562 re
948 502 1065 563 senatui

57 590 175 672 scribit,
197 590 256 652 leri
273 607 342 652 cum
359 590 473 652 bonore
492 592 641 652 iuvenum.
683 590 751 651 dein
770 589 895 650 redditis
913 589 1064 651 absentiae
1078 605 1106 645 ro

56 682 155 742 causis
178 679 338 742 admodum
362 681 443 758 ragis
465 677 549 739 flexit
570 678 607 739 ad
625 680 760 758 graviora
778 686 809 739 et
827 679 1004 739 offensiones
1027 677 1065 739 ob

56 786 121 830 rem
139 767 288 848 publicam
306 773 439 848 coeptas,
457 774 550 846 utque
564 765 663 828 Macro
680 767 849 846 praefectus
863 765 1065 828 tribunorum·

56 875 116 937 que
130 863 161 917 et
174 857 383 917 centurionum
395 857 484 934 pauci
496 873 599 916 secum
612 857 786 935 introirent,
799 857 939 935 quotiens
952 857 1066 916 curiam

57 944 279 1023 ingrederetur,
297 944 409 1022 petivit.
446 944 584 1023 factoque
602 941 683 1023 large
703 951 734 1004 et
753 945 817 1004 sine
830 944 1065 1022 praescriptione

58 1032 177 1112 generis
196 1037 248 1091 ant
265 1031 384 1092 numeri
401 1039 522 1093 senatus
541 1031 676 1092 consulto
694 1049 732 1093 ne
746 1038 824 1093 tecta
839 1031 959 1110 quidem
972 1030 1066 1110 urbis,
1080 1045 1107 1086 15

59 1119 132 1181 adeo
150 1117 303 1197 publicum
322 1118 479 1179 eonsilium
496 1136 658 1197 numquam
676 1119 761 1200 adiit,
780 1119 873 1180 deviis
891 1118 1067 1198 plerumque

58 1206 217 1269 itineribus
231 1206 364 1268 ambiens
377 1209 503 1286 patriam
517 1214 548 1268 et
561 1206 721 1269 declinans.

128 1293 178 1357 16.
201 1295 317 1357 lnterea
335 1313 441 1374 magna
459 1297 504 1356 ris
522 1302 729 1356 accusatorum
752 1298 784 1356 in
802 1313 854 1356 eos
867 1297 997 1376 imupit,
1016 1297 1069 1374 qui

59 1385 201 1464 pecunias
215 1384 335 1445 faenore
349 1382 532 1445 auctitabant
545 1383 703 1444 adversum
716 1382 811 1462 legem
830 1383 983 1444 dictatoris
998 1382 1068 1444 Gae-

61 1473 152 1551 saris,
171 1488 229 1549 qua
248 1471 284 1531 de
302 1470 390 1532 modo
405 1471 547 1532 credendi
559 1469 790 1550 possidendique
804 1472 883 1531 intra
896 1470 1009 1532 ltaliam
1022 1488 1068 1531 ca-

60 1565 156 1639 retur,
170 1559 309 1620 omissam
322 1558 401 1640 olim,
415 1560 483 1637 quia
497 1560 612 1638 privato
625 1560 695 1620 usui
708 1557 819 1620 bonum
827 1557 980 1638 publicum
989 1565 1068 1638 post-

60 1649 191 1728 ponitur.
232 1663 302 1707 sane
316 1654 401 1708 retus
415 1645 485 1708 urbi
498 1646 636 1708 faenebre
650 1645 759 1708 malum
773 1653 804 1707 et
818 1646 997 1708 seditionum
1010 1646 1068 1707 dis·
1096 1661 1110 1702 s

60 1735 289 1815 cordiarumque
308 1731 489 1796 creberrima
503 1753 604 1815 causa,
622 1752 717 1814 eoque
732 1733 926 1796 cohibebatur
940 1736 1069 1814 antiquis

60 1841 180 1904 quoqne
199 1830 229 1884 et
246 1825 345 1884 minus
364 1825 515 1902 corruptis
532 1823 675 1885 moribus.
712 1841 781 1885 nam
798 1825 894 1903 primo
912 1823 1069 1885 duodecim

59 1912 169 1974 tabulis
184 1919 331 1993 sanctum,
351 1930 388 1972 no
403 1914 470 1991 quis
485 1913 618 1974 unciario
633 1912 752 1973 faenore
766 1911 893 1991 amplius
907 1918 1069 1993 exerceret,

60 2019 130 2062 cum
144 2008 230 2061 antea
243 2019 280 2061 ex
294 1999 416 2061 libidine
430 1999 623 2080 locupletium
636 2002 811 2081 agitaretnr3
830 2001 897 2061 dein
917 2001 1069 2080 rogatione

60 2088 221 2150 tribunicia
238 2089 274 2150 ad
294 2090 461 2150 semuncias
479 2089 646 2169 redactum,
664 2096 815 2168 postremo
833 2091 1111 2159 retitarersnra.1o
1158 2164 1164 2176 .

60 2176 222 2256 multisque
245 2175 326 2256 plebi
344 2179 427 2238 scitis
446 2176 562 2241 obriam
581 2179 656 2238 itum
675 2177 842 2258 fraudibus,
865 2195 941 2257 quae
960 2181 1069 2238 totiens

61 2283 215 2345 repressae
242 2266 333 2326 miras
359 2283 415 2344 per
442 2273 521 2327 artos
549 2284 670 2327 rursum
697 2265 878 2327 oriebantur.
925 2265 977 2326 sed
1005 2273 1071 2326 tum
1149 2291 1152 2295 ·

61 2352 214 2415 Gracchus
227 2360 359 2434 praetor,
373 2355 424 2415 cui
436 2371 470 2414 ca
485 2356 619 2433 quaestio
634 2362 780 2435 evenerat,
794 2353 983 2415 multitudine
993 2355 1070 2432 peri·

61 2442 228 2503 clitantium
251 2440 392 2503 subactus
415 2440 531 2503 rettulit
554 2442 591 2503 ad
610 2450 759 2522 senatum,
782 2442 951 2521 trepidique
970 2449 1071 2519 patres

63 2524 175 2614 (neque
194 2531 273 2590 enim
292 2532 448 2609 qnisquam
463 2528 514 2590 tali
529 2529 615 2609 culpa
629 2523 756 2612 vacuus)
775 2532 890 2590 reniam
904 2547 921 2588 a
935 2530 1070 2607 principe
1084 2544 1111 2585 ιε»

60 2620 208 2699 petivere,
232 2625 262 2679 et
284 2617 465 2678 concedente
484 2635 580 2678 annus
599 2620 630 2678 in
648 2625 802 2696 posterum
822 2634 933 2694 sexque
951 2633 1070 2678 menses

61 2707 132 2787 dati,
157 2708 224 2786 quis
243 2705 407 2767 secundum
425 2707 506 2766 iussa
524 2704 598 2784 legis
616 2707 747 2767 rationes
765 2703 925 2766 familiares
943 2706 1070 2784 quisque

62 2801 284 2875 componerent.

130 2881 180 2944 17.
199 2882 275 2943 Hinc
288 2883 388 2960 inopia
401 2883 447 2943 rei
460 2883 655 2963 nummariae,
675 2887 821 2942 commoto
836 2881 924 2942 simul
938 2883 1070 2943 omnium

61 2988 130 3033 aere
149 2970 258 3051 alieno,
277 2977 307 3031 et
325 2972 394 3049 quia
413 2977 458 3031 tot
471 2970 617 3033 damnatis
631 2969 778 3050 bonisque
792 2988 897 3031 eorum
911 2971 1070 3032 divenditis

62 3063 210 3138 signatum
237 3066 393 3138 argentum
416 3059 487 3119 fisco
511 3058 558 3120 vel
580 3061 695 3120 aerario
720 3057 909 3120 attinebatur.
955 3059 992 3120 ad
1015 3059 1072 3119 boc

61 3156 183 3210 senatus
197 3149 442 3227 praescripserat,
462 3146 535 3208 duas
550 3150 676 3227 quisque
690 3148 819 3208 faenoris
832 3155 933 3225 partes
947 3149 978 3207 in
993 3147 1071 3224 agris

133 3299 515 3369 15‚12susoepcosMorecos
529 3300 534 3366 Ι
552 3304 584 3354 17
600 3299 725 3353 ambiens
738 3299 899 3354 Mnus:
911 3295 1069 3370 ambigensl

61 3370 144 3437 lca
172 3370 282 3440 omissa,
310 3387 357 3427 em.
385 3369 501 3439 Lepsios
525 3369 530 3440 Ι
555 3369 712 3438 lprimum
729 3370 821 3425 Ritter
845 3372 850 3438 Ι
875 3374 909 3423 10
926 3367 1072 3422 redactum

59 3458 124 3497 ooo:
151 3441 275 3508 reductu,
302 3442 338 3508 cf.
357 3440 419 3497 Lic.
439 3446 465 3506 7,
483 3443 530 3506 27,
550 3443 636 3508 3111
659 3439 739 3510 plebi
756 3440 928 3510 Nipperdey:
951 3436 1044 3508 plebia
1064 3440 1070 3510 ι

62 3519 95 3568 to
115 3512 156 3583 et]
175 3527 209 3566 eo
229 3512 352 3567 Plebeoo
367 3513 372 3583 Ι
388 3511 434 3579 ll,
454 3517 469 3566 3
490 3510 525 3564 ob
544 3509 598 3564 hoc
616 3513 685 3567 coci.
704 3511 872 3581 thperdep.

116 3609 221 3652 unomr
234 3609 309 3651 sans
324 3610 343 3651 1.
826 3604 857 3652 12
