2392 3876
251 194 300 248 ΑΒ
318 193 479 251 excussu
496 192 653 250 socnam
670 193 742 250 xnr.
764 174 875 251 ιι-ιι.
999 195 1063 262 261

53 344 155 406 andita
177 343 329 424 delerens,
355 342 434 422 quod
452 341 615 405 Britannici
632 350 757 404 mortem
776 343 892 422 lugeret
910 355 962 406 aut
980 343 1065 406 Octa·

56 436 119 495 viae
131 434 256 495 iniurias
270 431 429 514 evulgaret,
442 430 495 493 sed
509 430 703 493 destinavisse
717 450 782 493 eam
796 431 964 494 Rubellium
978 432 1064 494 Plau·

56 531 133 603 tum,
159 538 215 600 per
241 529 404 583 maternam
426 520 572 599 originem
594 521 659 600 pari
681 537 715 582 ac
737 519 816 582 Nero
838 521 933 600 gradu
957 539 976 582 a
998 521 1064 582 divo
1079 535 1105 577 ιι

55 611 201 690 Augusto,
226 608 263 671 ad
288 626 337 672 res
363 625 454 672 novas
478 607 621 671 extollere
646 611 844 690 coniugioque
866 612 931 671 eius
955 617 986 671 et
1007 612 1066 671 iam

55 700 181 778 imperio
198 715 263 760 rem
281 697 429 777 publicam
447 715 553 760 rursus
572 697 720 760 invadere.
747 698 820 760 baec
834 697 945 763 Iturius
959 705 991 760 et
1004 697 1066 758 Cal·

57 790 148 850 nisius
168 786 311 868 Atimeto,
335 785 479 848 Domitiae
498 785 625 849 Neronis
645 788 753 849 amitae
776 786 897 869 liberto,
920 789 1067 866 aperiunt.

55 879 108 956 qui
126 875 222 938 laetus
240 874 346 937 oblatis
364 867 491 957 (quippe
508 876 588 937 inter
600 875 793 956 Agrippinam
807 883 838 938 et
850 875 1008 938 Domitiam
1021 876 1066 936 in-

57 966 140 1026 lensa
157 961 313 1025 aemulatio
331 955 542 1046 exercebatur)
559 961 698 1026 Paridem
715 964 904 1047 histrionem,
926 963 1067 1027 libertum
1080 977 1107 1019 ro

57 1061 87 1114 et
100 1055 200 1131 ipsum
213 1050 370 1133 Domitiae,
388 1049 507 1130 impulit
524 1052 569 1113 ire
587 1069 715 1131 propera
733 1055 907 1134 crimenque
926 1055 1068 1115 atrociter

57 1142 183 1202 deferre.

123 1227 175 1291 20.
193 1227 336 1290 Provecta
353 1246 414 1292 nox
431 1235 496 1290 orat
513 1235 544 1290 et
561 1226 673 1290 Neroni
689 1246 744 1308 per
762 1229 951 1292 vinolentiam
971 1229 1068 1292 trabe·

58 1321 154 1400 batur,
167 1335 236 1381 oum
249 1317 416 1396 ingreditur
425 1315 519 1398 Paris,
532 1315 639 1378 solitus
648 1315 779 1396 alioquin
787 1318 818 1380 id
829 1321 970 1398 temporis
980 1319 1067 1380 luxus

58 1407 201 1488 principis
219 1405 391 1487 intendere,
409 1404 462 1467 sed
476 1411 549 1468 tunc
563 1407 745 1485 compositus
758 1405 795 1466 ad
810 1407 1000 1488 maestitiam,
1018 1424 1068 1467 ex·

59 1497 215 1576 positoque
229 1493 332 1556 indicii
345 1493 450 1556 ordine
463 1495 505 1554 ita
522 1493 692 1557 audientem
710 1501 856 1574 exterret,
874 1501 909 1556 ut
926 1511 987 1555 non
1004 1501 1068 1555 tan-

59 1594 123 1646 tum
141 1590 265 1645 matrem
282 1581 478 1661 Plautumque
496 1582 680 1663 interlicere,
698 1581 750 1643 sed
763 1581 894 1643 Burrum
911 1584 1000 1643 etiam
1018 1582 1094 1644 dea

58 1689 177 1734 movere
200 1671 387 1750 praefectura
409 1670 585 1752 destinaret,
608 1678 758 1750 tamquam
775 1671 952 1750 Agrippinae
974 1673 1068 1750 gratia

59 1769 232 1841 provectum
245 1767 277 1821 et
289 1760 384 1822 vioem
397 1758 580 1822 reddentem.
608 1758 717 1821 Fabius
732 1759 874 1821 Rusticus
891 1767 995 1820 auctor
1014 1767 1069 1839 est,

58 1852 187 1929 scriptos
214 1865 280 1910 esse
303 1847 340 1911 ad
363 1846 518 1910 Caecinam
541 1847 673 1910 Tuscum
694 1847 859 1928 codicillos,
881 1847 1018 1909 mandata
1041 1849 1069 1908 ei

59 1939 275 2019 praetoriarum
292 1934 461 1998 cohortium
478 1953 564 2017 cura,
581 1935 634 1999 sed
647 1954 705 2016 ope
720 1935 850 1998 Senecae
868 1936 1068 2016 dignationem

58 2029 154 2090 Burro
173 2032 333 2088 retentam:
355 2023 469 2087 Pb'nius
488 2033 520 2086 et
537 2023 658 2087 Cluvius
676 2024 750 2088 nibil
768 2024 936 2087 dubitatum
955 2024 992 2086 de
1010 2025 1068 2087 fide
1083 2042 1109 2082 1o

59 2117 200 2197 praelecti
223 2115 373 2195 referunt,
394 2131 466 2176 sane
485 2112 594 2176 Fabius
612 2112 734 2177 inclinat
752 2114 789 2177 ad
807 2114 910 2176 landes
930 2112 1070 2194 Senecae,

60 2208 147 2267 ouius
157 2206 284 2266 amicitia
290 2202 400 2266 tloruit.
414 2220 655 2268 noscousensum
664 2211 821 2265 auctorum
830 2203 973 2284 secuturi,
982 2205 1009 2264 si
1018 2204 1071 2282 qui

61 2295 177 2355 diversa
191 2291 386 2372 prodiderint,
397 2291 455 2353 sub
469 2291 639 2353 nominibus
651 2294 786 2372 ipsorum
799 2291 959 2354 trademus.
990 2290 1069 2352 Nero

62 2381 199 2461 trepidus
222 2388 252 2441 et
273 2380 496 2443 interficiendae
518 2383 621 2443 matris
643 2380 745 2442 avidus
768 2398 829 2442 non
850 2383 934 2460 prins
956 2379 1071 2441 differri

59 2473 165 2552 potuit,
179 2487 267 2549 quam
281 2467 396 2529 Burrus
405 2485 510 2529 necem
519 2468 584 2529 eius
592 2469 787 2548 promitteret,
802 2470 828 2528 si
837 2468 1068 2530 facinoriscoar·
1084 2482 1110 2524 ιι

59 2564 216 2638 gueretur:
227 2555 280 2618 sed
288 2558 475 2636 cuicumque,
485 2555 594 2618 nedum
602 2557 719 2635 parenti
725 2556 927 2617 defensionem
937 2554 1069 2616 tribuen-

59 2648 141 2726 dam3
163 2661 219 2706 nec
242 2650 430 2705 accusatores
453 2643 570 2724 adesse,
593 2643 645 2705 sed
668 2661 770 2705 vocem
788 2645 878 2705 nnius
896 2661 933 2704 ex
950 2643 1070 2704 inimica

60 2735 148 2796 domo
162 2732 285 2794 adferri:
299 2739 451 2811 reputaret
464 2730 603 2794 tenebras
612 2741 643 2794 et
652 2731 800 2811 vigilatam
809 2733 943 2794 convivio
952 2739 1070 2794 noctem

59 2823 220 2900 omniaque
233 2822 395 2882 temeritati
408 2827 438 2882 et
451 2820 585 2882 irscitiae
599 2822 747 2900 propiora

128 2908 179 2973 21.
198 2908 248 2972 Sic
265 2908 357 2971 lenito
375 2910 520 2988 principis
538 2915 619 2970 metu
637 2917 669 2971 et
682 2909 749 2971 luce
762 2916 827 2971 orta
841 2910 902 2970 itur
915 2909 952 2972 ad
966 2911 1069 2990 Agrip-

59 3002 173 3080 pinam,
192 3005 226 3060 ut
243 3005 382 3060 nosceret
400 2997 513 3060 obiecta
533 2997 767 3078 dissolveretque
780 2997 826 3059 vel
840 3015 951 3077 poenas
963 2997 1069 3060 lueret

58 3090 175 3150 Burrus
198 3089 235 3149 iis
258 3085 403 3148 mandatis
422 3085 535 3148 Seneca
558 3104 658 3149 coram
680 3085 872 3169 fungebatur3
895 3086 1017 3148 aderant
1039 3093 1071 3148 et

131 3259 230 3327 lD,13
249 3256 380 3314 differens
387 3259 400 3339 l
418 3263 452 3314 ti
468 3256 609 3314 Neronem
622 3257 777 3326 Heiruiuel
795 3262 828 3313 ts
842 3255 895 3312 ιι·
887 3272 945 3311 ram
958 3257 1015 3326 r'pam
1016 3256 1070 3312 erle

58 3329 105 3386 Jo.
112 3328 165 3386 Fr.
174 3328 341 3387 Gronovius.
356 3327 443 3385 etiam
452 3326 531 3399 perio
540 3327 656 3400 (etimp
665 3327 836 3409 Nipperdey)
825 3327 879 3399 les.
888 3327 965 3383 Διιιι.
971 3327 1069 3408 philol.

60 3400 372 3481 recuperaritis
391 3401 468 3455 lusus
487 3400 658 3471 Rbertorvaoal
675 3405 708 3455 12
727 3400 816 3454 secuti
792 3398 868 3454 t.ol
885 3397 931 3469 lsi
944 3395 994 3466 qui
1006 3412 1069 3454 aot·

59 3468 111 3540 qui
128 3416 211 3540 (qnae
229 3473 298 3543 cll)
316 3477 349 3528 18
366 3472 513 3542 reputnret
529 3470 657 3541 Lipsius·
680 3469 824 3541 refutare!
840 3468 886 3538 ul,
904 3475 921 3524 2
946 3483 1021 3539 pern
1037 3469 1070 3524 ιἰι

59 3556 149 3613 penae
166 3558 201 3597 ιιι.
219 3476 304 3600 ιιιιιΙι
321 3559 400 3613 corr,
416 3545 480 3612 sort.
498 3558 621 3614 poenam
638 3543 697 3599 coll
716 3545 816 3610 1410
