<?xml version="1.0" encoding="UTF-8"?>
<!DOCTYPE html PUBLIC "-//W3C//DTD XHTML 1.0 Transitional//EN"
    "http://www.w3.org/TR/xhtml1/DTD/xhtml1-transitional.dtd">
<html xmlns="http://www.w3.org/1999/xhtml" xml:lang="en" lang="en">
 <head>
  <title>
</title>
<meta http-equiv="Content-Type" content="text/html;charset=utf-8" />
  <meta name='ocr-system' content='tesseract 3.04.00' />
  <meta name='ocr-capabilities' content='ocr_page ocr_carea ocr_par ocr_line ocrx_word'/>
</head>
<body>
  <div class='ocr_page' id='page_1' title='image "./libriquisupersu00halmgoog_0212.png"; bbox 0 0 2392 3876; ppageno 0'>
   <div class='ocr_carea' id='block_1_1' title="bbox 280 190 1074 258">
    <p class='ocr_par' dir='ltr' id='par_1_1' title="bbox 280 190 1074 258">
     <span class='ocr_line' id='line_1_1' title="bbox 280 190 1074 258; baseline 0.018 -14"><span class='ocrx_word' id='word_1_1' title='bbox 280 192 328 244; x_wconf 86' lang='lat' dir='ltr'>AB</span> <span class='ocrx_word' id='word_1_2' title='bbox 348 190 509 246; x_wconf 73' lang='lat' dir='ltr'>Excusso</span> <span class='ocrx_word' id='word_1_3' title='bbox 526 190 682 247; x_wconf 78' lang='lat' dir='ltr'>AUGUSTI</span> <span class='ocrx_word' id='word_1_4' title='bbox 698 191 744 248; x_wconf 84' lang='lat' dir='ltr'>XI.</span> <span class='ocrx_word' id='word_1_5' title='bbox 764 197 842 247; x_wconf 87' lang='lat'>4-8.</span> <span class='ocrx_word' id='word_1_6' title='bbox 1011 192 1074 258; x_wconf 83' lang='lat'>201</span> 
     </span>
    </p>
   </div>
   <div class='ocr_carea' id='block_1_2' title="bbox 67 339 1125 2981">
    <p class='ocr_par' dir='ltr' id='par_1_2' title="bbox 67 339 1117 863">
     <span class='ocr_line' id='line_1_2' title="bbox 68 339 1075 419; baseline 0.002 -19"><span class='ocrx_word' id='word_1_7' title='bbox 68 341 233 401; x_wconf 83' lang='lat' dir='ltr'>cantiorum</span> <span class='ocrx_word' id='word_1_8' title='bbox 247 340 382 401; x_wconf 91' lang='lat' dir='ltr'>Arruntii</span> <span class='ocrx_word' id='word_1_9' title='bbox 395 348 426 400; x_wconf 91' lang='lat' dir='ltr'>et</span> <span class='ocrx_word' id='word_1_10' title='bbox 439 339 608 400; x_wconf 83' lang='lat' dir='ltr'>Aesernini:</span> <span class='ocrx_word' id='word_1_11' title='bbox 627 340 662 402; x_wconf 94' lang='lat' dir='ltr'>ad</span> <span class='ocrx_word' id='word_1_12' title='bbox 678 358 791 402; x_wconf 90' lang='lat' dir='ltr'>summa</span> <span class='ocrx_word' id='word_1_13' title='bbox 809 347 965 419; x_wconf 90' lang='lat' dir='ltr'>provectos</span> <span class='ocrx_word' id='word_1_14' title='bbox 979 343 1075 404; x_wconf 90' lang='lat' dir='ltr'>incor-</span> 
     </span>
     <span class='ocr_line' id='line_1_3' title="bbox 68 427 1075 511; baseline 0.003 -24"><span class='ocrx_word' id='word_1_15' title='bbox 68 436 155 508; x_wconf 89' lang='lat' dir='ltr'>rupta</span> <span class='ocrx_word' id='word_1_16' title='bbox 173 430 232 489; x_wconf 86' lang='lat' dir='ltr'>vita</span> <span class='ocrx_word' id='word_1_17' title='bbox 251 437 280 489; x_wconf 91' lang='lat' dir='ltr'>et</span> <span class='ocrx_word' id='word_1_18' title='bbox 299 428 443 489; x_wconf 79' lang='lat' dir='ltr'><strong>facundia.</strong></span> <span class='ocrx_word' id='word_1_19' title='bbox 471 427 539 489; x_wconf 89' lang='lat' dir='ltr'>talia</span> <span class='ocrx_word' id='word_1_20' title='bbox 554 428 670 490; x_wconf 84' lang='lat' dir='ltr'>dicente</span> <span class='ocrx_word' id='word_1_21' title='bbox 685 427 806 489; x_wconf 91' lang='lat' dir='ltr'>consule</span> <span class='ocrx_word' id='word_1_22' title='bbox 821 428 985 511; x_wconf 85' lang='lat' dir='ltr'>designato,</span> <span class='ocrx_word' id='word_1_23' title='bbox 1007 449 1075 491; x_wconf 92' lang='lat' dir='ltr'>con·</span> 
     </span>
     <span class='ocr_line' id='line_1_4' title="bbox 68 515 1075 598; baseline 0.001 -20"><span class='ocrx_word' id='word_1_24' title='bbox 68 517 264 578; x_wconf 81' lang='lat' dir='ltr'>sentientibus</span> <span class='ocrx_word' id='word_1_25' title='bbox 291 516 369 598; x_wconf 86' lang='lat' dir='ltr'>aliis,</span> <span class='ocrx_word' id='word_1_26' title='bbox 396 515 556 596; x_wconf 91' lang='lat' dir='ltr'>parabatur</span> <span class='ocrx_word' id='word_1_27' title='bbox 583 519 742 598; x_wconf 90' lang='lat' dir='ltr'>sententia,</span> <span class='ocrx_word' id='word_1_28' title='bbox 769 535 827 596; x_wconf 91' lang='lat' dir='ltr'>qua</span> <span class='ocrx_word' id='word_1_29' title='bbox 850 516 914 596; x_wconf 83' lang='lat' dir='ltr'>lege</span> <span class='ocrx_word' id='word_1_30' title='bbox 937 525 1075 597; x_wconf 91' lang='lat' dir='ltr'>repetun-</span> 
     </span>
     <span class='ocr_line' id='line_1_5' title="bbox 68 605 1076 687; baseline 0.001 -21"><span class='ocrx_word' id='word_1_31' title='bbox 68 606 171 666; x_wconf 90' lang='lat' dir='ltr'>darum</span> <span class='ocrx_word' id='word_1_32' title='bbox 185 613 371 686; x_wconf 89' lang='lat' dir='ltr'>tenerentur,</span> <span class='ocrx_word' id='word_1_33' title='bbox 391 623 459 665; x_wconf 92' lang='lat' dir='ltr'>cum</span> <span class='ocrx_word' id='word_1_34' title='bbox 474 605 596 666; x_wconf 85' lang='lat' dir='ltr'>Suillius</span> <span class='ocrx_word' id='word_1_35' title='bbox 611 614 640 665; x_wconf 89' lang='lat' dir='ltr'>et</span> <span class='ocrx_word' id='word_1_36' title='bbox 654 605 847 666; x_wconf 83' lang='lat' dir='ltr'>Cossutianus</span> <span class='ocrx_word' id='word_1_37' title='bbox 861 613 891 666; x_wconf 93' lang='lat' dir='ltr'>et</span> <span class='ocrx_word' id='word_1_38' title='bbox 905 609 1010 687; x_wconf 89' lang='lat' dir='ltr'>ceteri,</span> <span class='ocrx_word' id='word_1_39' title='bbox 1025 609 1076 686; x_wconf 87' lang='lat' dir='ltr'>qui</span> 
     </span>
     <span class='ocr_line' id='line_1_6' title="bbox 68 694 1117 775; baseline 0.003 -21"><span class='ocrx_word' id='word_1_40' title='bbox 68 712 127 755; x_wconf 94' lang='lat' dir='ltr'>non</span> <span class='ocrx_word' id='word_1_41' title='bbox 141 694 297 770; x_wconf 88' lang='lat' dir='ltr'>iudicium,</span> <span class='ocrx_word' id='word_1_42' title='bbox 317 697 426 773; x_wconf 87' lang='lat' dir='ltr'>qnippe</span> <span class='ocrx_word' id='word_1_43' title='bbox 440 696 472 754; x_wconf 93' lang='lat' dir='ltr'>in</span> <span class='ocrx_word' id='word_1_44' title='bbox 485 694 670 775; x_wconf 83' lang='lat' dir='ltr'>manifestos,</span> <span class='ocrx_word' id='word_1_45' title='bbox 688 694 739 754; x_wconf 91' lang='lat' dir='ltr'>sed</span> <span class='ocrx_word' id='word_1_46' title='bbox 754 711 879 773; x_wconf 89' lang='lat' dir='ltr'>poenam</span> <span class='ocrx_word' id='word_1_47' title='bbox 893 697 984 756; x_wconf 91' lang='lat' dir='ltr'>statui</span> <span class='ocrx_word' id='word_1_48' title='bbox 997 695 1075 757; x_wconf 90' lang='lat' dir='ltr'>vide-</span> <span class='ocrx_word' id='word_1_49' title='bbox 1090 707 1117 748; x_wconf 84' lang='lat'>1⁵</span> 
     </span>
     <span class='ocr_line' id='line_1_7' title="bbox 67 781 948 863; baseline 0.001 -20"><span class='ocrx_word' id='word_1_50' title='bbox 67 782 150 862; x_wconf 89' lang='lat' dir='ltr'>bant,</span> <span class='ocrx_word' id='word_1_51' title='bbox 165 784 395 844; x_wconf 79' lang='lat' dir='ltr'>circumsistunt</span> <span class='ocrx_word' id='word_1_52' title='bbox 404 781 571 863; x_wconf 87' lang='lat' dir='ltr'>Caesarem,</span> <span class='ocrx_word' id='word_1_53' title='bbox 586 790 654 843; x_wconf 86' lang='lat' dir='ltr'>ante</span> <span class='ocrx_word' id='word_1_54' title='bbox 668 790 732 843; x_wconf 92' lang='lat' dir='ltr'>acta</span> <span class='ocrx_word' id='word_1_55' title='bbox 746 783 948 861; x_wconf 76' lang='lat' dir='ltr'>deprecantes,</span> 
     </span>
    </p>

    <p class='ocr_par' dir='ltr' id='par_1_3' title="bbox 68 870 1125 2434">
     <span class='ocr_line' id='line_1_8' title="bbox 136 870 1077 950; baseline 0.002 -19"><span class='ocrx_word' id='word_1_56' title='bbox 136 870 163 931; x_wconf 81' lang='lat'>7.</span> <span class='ocrx_word' id='word_1_57' title='bbox 191 871 229 932; x_wconf 84' lang='lat' dir='ltr'>Et</span> <span class='ocrx_word' id='word_1_58' title='bbox 251 878 407 949; x_wconf 90' lang='lat' dir='ltr'>postquam</span> <span class='ocrx_word' id='word_1_59' title='bbox 430 871 546 950; x_wconf 85' lang='lat' dir='ltr'>adnuit,</span> <span class='ocrx_word' id='word_1_60' title='bbox 576 889 663 949; x_wconf 84' lang='lat' dir='ltr'>agere</span> <span class='ocrx_word' id='word_1_61' title='bbox 690 872 851 950; x_wconf 87' lang='lat' dir='ltr'>incipiunt:</span> <span class='ocrx_word' id='word_1_62' title='bbox 878 889 967 950; x_wconf 86' lang='lat' dir='ltr'>quem</span> <span class='ocrx_word' id='word_1_63' title='bbox 993 871 1077 933; x_wconf 91' lang='lat' dir='ltr'>illum</span> 
     </span>
     <span class='ocr_line' id='line_1_9' title="bbox 68 957 1125 1038; baseline 0 -17"><span class='ocrx_word' id='word_1_64' title='bbox 68 967 148 1021; x_wconf 88' lang='lat' dir='ltr'>tanta</span> <span class='ocrx_word' id='word_1_65' title='bbox 167 958 306 1038; x_wconf 90' lang='lat' dir='ltr'>snperbia</span> <span class='ocrx_word' id='word_1_66' title='bbox 325 976 404 1038; x_wconf 90' lang='lat' dir='ltr'>esse,</span> <span class='ocrx_word' id='word_1_67' title='bbox 427 966 460 1020; x_wconf 91' lang='lat' dir='ltr'>ut</span> <span class='ocrx_word' id='word_1_68' title='bbox 478 961 682 1034; x_wconf 79' lang='lat' dir='ltr'>aeternitatem</span> <span class='ocrx_word' id='word_1_69' title='bbox 701 959 793 1020; x_wconf 84' lang='lat' dir='ltr'>lamae</span> <span class='ocrx_word' id='word_1_70' title='bbox 813 977 865 1038; x_wconf 93' lang='lat' dir='ltr'>spe</span> <span class='ocrx_word' id='word_1_71' title='bbox 886 957 1077 1038; x_wconf 79' lang='lat' dir='ltr'>praesumat?</span> <span class='ocrx_word' id='word_1_72' title='bbox 1115 1009 1125 1033; x_wconf 80' lang='grc'><strong>.</strong></span> 
     </span>
     <span class='ocr_line' id='line_1_10' title="bbox 69 1046 1076 1128; baseline 0 -19"><span class='ocrx_word' id='word_1_73' title='bbox 69 1050 138 1109; x_wconf 76' lang='lat' dir='ltr'>ursui</span> <span class='ocrx_word' id='word_1_74' title='bbox 152 1056 182 1108; x_wconf 91' lang='lat' dir='ltr'>et</span> <span class='ocrx_word' id='word_1_75' title='bbox 196 1046 286 1109; x_wconf 88' lang='lat' dir='ltr'>rebus</span> <span class='ocrx_word' id='word_1_76' title='bbox 301 1046 467 1108; x_wconf 88' lang='lat' dir='ltr'>subsidium</span> <span class='ocrx_word' id='word_1_77' title='bbox 481 1049 664 1128; x_wconf 90' lang='lat' dir='ltr'>praeparari,</span> <span class='ocrx_word' id='word_1_78' title='bbox 678 1065 715 1109; x_wconf 91' lang='lat' dir='ltr'>ne</span> <span class='ocrx_word' id='word_1_79' title='bbox 730 1049 797 1126; x_wconf 88' lang='lat' dir='ltr'>quis</span> <span class='ocrx_word' id='word_1_80' title='bbox 811 1050 910 1126; x_wconf 89' lang='lat' dir='ltr'>inopia</span> <span class='ocrx_word' id='word_1_81' title='bbox 924 1048 1076 1110; x_wconf 88' lang='lat' dir='ltr'>advocato·</span> 
     </span>
     <span class='ocr_line' id='line_1_11' title="bbox 69 1135 1077 1216; baseline 0.002 -20"><span class='ocrx_word' id='word_1_82' title='bbox 69 1156 135 1198; x_wconf 89' lang='lat' dir='ltr'>rum</span> <span class='ocrx_word' id='word_1_83' title='bbox 149 1135 322 1214; x_wconf 88' lang='lat' dir='ltr'>potentibus</span> <span class='ocrx_word' id='word_1_84' title='bbox 336 1135 482 1197; x_wconf 84' lang='lat' dir='ltr'>obnoxius</span> <span class='ocrx_word' id='word_1_85' title='bbox 497 1137 543 1197; x_wconf 87' lang='lat' dir='ltr'>sit.</span> <span class='ocrx_word' id='word_1_86' title='bbox 576 1153 672 1214; x_wconf 85' lang='lat' dir='ltr'>neque</span> <span class='ocrx_word' id='word_1_87' title='bbox 687 1143 786 1196; x_wconf 89' lang='lat' dir='ltr'>tamen</span> <span class='ocrx_word' id='word_1_88' title='bbox 800 1135 998 1215; x_wconf 90' lang='lat' dir='ltr'>eloquentiam</span> <span class='ocrx_word' id='word_1_89' title='bbox 1012 1155 1077 1216; x_wconf 84' lang='lat' dir='ltr'>gra·</span> 
     </span>
     <span class='ocr_line' id='line_1_12' title="bbox 68 1223 1106 1304; baseline -0.005 -18"><span class='ocrx_word' id='word_1_90' title='bbox 68 1228 144 1286; x_wconf 93' lang='lat' dir='ltr'>tuito</span> <span class='ocrx_word' id='word_1_91' title='bbox 163 1226 349 1303; x_wconf 83' lang='lat' dir='ltr'>contingere:</span> <span class='ocrx_word' id='word_1_92' title='bbox 367 1226 464 1285; x_wconf 93' lang='lat' dir='ltr'>omitti</span> <span class='ocrx_word' id='word_1_93' title='bbox 483 1241 569 1285; x_wconf 88' lang='lat' dir='ltr'>curas</span> <span class='ocrx_word' id='word_1_94' title='bbox 589 1223 759 1304; x_wconf 82' lang='lat' dir='ltr'>familiares,</span> <span class='ocrx_word' id='word_1_95' title='bbox 780 1231 815 1286; x_wconf 90' lang='lat' dir='ltr'>ut</span> <span class='ocrx_word' id='word_1_96' title='bbox 834 1227 901 1303; x_wconf 90' lang='lat' dir='ltr'>quis</span> <span class='ocrx_word' id='word_1_97' title='bbox 921 1244 952 1287; x_wconf 93' lang='lat' dir='ltr'>se</span> <span class='ocrx_word' id='word_1_98' title='bbox 974 1225 1106 1287; x_wconf 74' lang='lat' dir='ltr'>alienise</span> 
     </span>
     <span class='ocr_line' id='line_1_13' title="bbox 69 1311 1078 1392; baseline 0.001 -18"><span class='ocrx_word' id='word_1_99' title='bbox 69 1315 195 1392; x_wconf 83' lang='lat' dir='ltr'>negotiis</span> <span class='ocrx_word' id='word_1_100' title='bbox 209 1314 351 1375; x_wconf 91' lang='lat' dir='ltr'>intendat.</span> <span class='ocrx_word' id='word_1_101' title='bbox 384 1312 492 1374; x_wconf 90' lang='lat' dir='ltr'>multos</span> <span class='ocrx_word' id='word_1_102' title='bbox 511 1311 628 1392; x_wconf 91' lang='lat' dir='ltr'>militia,</span> <span class='ocrx_word' id='word_1_103' title='bbox 647 1311 788 1390; x_wconf 68' lang='lat' dir='ltr'>quosdam</span> <span class='ocrx_word' id='word_1_104' title='bbox 807 1314 972 1374; x_wconf 85' lang='lat' dir='ltr'>exercendo</span> <span class='ocrx_word' id='word_1_105' title='bbox 991 1332 1078 1392; x_wconf 83' lang='lat' dir='ltr'>agros</span> 
     </span>
     <span class='ocr_line' id='line_1_14' title="bbox 69 1400 1078 1481; baseline 0 -19"><span class='ocrx_word' id='word_1_106' title='bbox 69 1402 196 1463; x_wconf 87' lang='lat' dir='ltr'>tolerare</span> <span class='ocrx_word' id='word_1_107' title='bbox 214 1404 317 1462; x_wconf 86' lang='lat' dir='ltr'>vitam:</span> <span class='ocrx_word' id='word_1_108' title='bbox 341 1400 415 1461; x_wconf 92' lang='lat' dir='ltr'>nihil</span> <span class='ocrx_word' id='word_1_109' title='bbox 433 1419 450 1461; x_wconf 94' lang='lat' dir='ltr'>a</span> <span class='ocrx_word' id='word_1_110' title='bbox 469 1418 617 1479; x_wconf 89' lang='lat' dir='ltr'>quoquam</span> <span class='ocrx_word' id='word_1_111' title='bbox 635 1401 747 1481; x_wconf 84' lang='lat' dir='ltr'>expeti,</span> <span class='ocrx_word' id='word_1_112' title='bbox 769 1401 828 1461; x_wconf 90' lang='lat' dir='ltr'>nisi</span> <span class='ocrx_word' id='word_1_113' title='bbox 853 1403 938 1461; x_wconf 88' lang='lat' dir='ltr'>cuius</span> <span class='ocrx_word' id='word_1_114' title='bbox 962 1402 1078 1464; x_wconf 83' lang='lat' dir='ltr'>fructus</span> 
     </span>
     <span class='ocr_line' id='line_1_15' title="bbox 70 1486 1078 1569; baseline -0.001 -18"><span class='ocrx_word' id='word_1_115' title='bbox 70 1499 137 1551; x_wconf 88' lang='lat' dir='ltr'>ante</span> <span class='ocrx_word' id='word_1_116' title='bbox 151 1490 324 1569; x_wconf 88' lang='lat' dir='ltr'>providerit.</span> <span class='ocrx_word' id='word_1_117' title='bbox 352 1488 437 1550; x_wconf 80' lang='lat' dir='ltr'>facile</span> <span class='ocrx_word' id='word_1_118' title='bbox 451 1487 587 1549; x_wconf 83' lang='lat' dir='ltr'>Asinium</span> <span class='ocrx_word' id='word_1_119' title='bbox 601 1494 631 1548; x_wconf 90' lang='lat' dir='ltr'>et</span> <span class='ocrx_word' id='word_1_120' title='bbox 644 1486 810 1568; x_wconf 87' lang='lat' dir='ltr'>Messalam,</span> <span class='ocrx_word' id='word_1_121' title='bbox 825 1490 904 1548; x_wconf 91' lang='lat' dir='ltr'>inter</span> <span class='ocrx_word' id='word_1_122' title='bbox 917 1490 1078 1550; x_wconf 88' lang='lat' dir='ltr'>Antonium</span> 
     </span>
     <span class='ocr_line' id='line_1_16' title="bbox 70 1576 1078 1655; baseline -0.002 -16"><span class='ocrx_word' id='word_1_123' title='bbox 70 1588 100 1639; x_wconf 89' lang='lat' dir='ltr'>et</span> <span class='ocrx_word' id='word_1_124' title='bbox 114 1579 280 1655; x_wconf 85' lang='lat' dir='ltr'>Augustum</span> <span class='ocrx_word' id='word_1_125' title='bbox 294 1576 439 1637; x_wconf 89' lang='lat' dir='ltr'>bellorum</span> <span class='ocrx_word' id='word_1_126' title='bbox 452 1578 592 1655; x_wconf 89' lang='lat' dir='ltr'>praemiis</span> <span class='ocrx_word' id='word_1_127' title='bbox 606 1576 746 1655; x_wconf 85' lang='lat' dir='ltr'>refertos,</span> <span class='ocrx_word' id='word_1_128' title='bbox 765 1584 816 1637; x_wconf 91' lang='lat' dir='ltr'>aut</span> <span class='ocrx_word' id='word_1_129' title='bbox 834 1576 939 1637; x_wconf 91' lang='lat' dir='ltr'>ditium</span> <span class='ocrx_word' id='word_1_130' title='bbox 958 1577 1078 1638; x_wconf 89' lang='lat' dir='ltr'>familia·</span> 
     </span>
     <span class='ocr_line' id='line_1_17' title="bbox 70 1664 1121 1743; baseline -0.002 -16"><span class='ocrx_word' id='word_1_131' title='bbox 70 1686 136 1727; x_wconf 90' lang='lat' dir='ltr'>rum</span> <span class='ocrx_word' id='word_1_132' title='bbox 155 1665 281 1726; x_wconf 88' lang='lat' dir='ltr'>herodes</span> <span class='ocrx_word' id='word_1_133' title='bbox 299 1666 478 1726; x_wconf 79' lang='lat' dir='ltr'>Aeserninos</span> <span class='ocrx_word' id='word_1_134' title='bbox 499 1673 528 1727; x_wconf 92' lang='lat' dir='ltr'>et</span> <span class='ocrx_word' id='word_1_135' title='bbox 548 1664 705 1726; x_wconf 83' lang='lat' dir='ltr'>Arruntios</span> <span class='ocrx_word' id='word_1_136' title='bbox 728 1682 867 1743; x_wconf 84' lang='lat' dir='ltr'>magnum</span> <span class='ocrx_word' id='word_1_137' title='bbox 886 1666 1016 1726; x_wconf 92' lang='lat' dir='ltr'>animum</span> <span class='ocrx_word' id='word_1_138' title='bbox 1034 1669 1121 1726; x_wconf 87' lang='lat' dir='ltr'>in-1o</span> 
     </span>
     <span class='ocr_line' id='line_1_18' title="bbox 70 1751 1078 1833; baseline -0.001 -18"><span class='ocrx_word' id='word_1_139' title='bbox 70 1756 179 1816; x_wconf 88' lang='lat' dir='ltr'>duissc.</span> <span class='ocrx_word' id='word_1_140' title='bbox 207 1761 342 1833; x_wconf 91' lang='lat' dir='ltr'>prompta</span> <span class='ocrx_word' id='word_1_141' title='bbox 357 1753 415 1814; x_wconf 89' lang='lat' dir='ltr'>sibi</span> <span class='ocrx_word' id='word_1_142' title='bbox 428 1752 568 1833; x_wconf 82' lang='lat' dir='ltr'>exempla,</span> <span class='ocrx_word' id='word_1_143' title='bbox 583 1754 701 1832; x_wconf 90' lang='lat' dir='ltr'>quantis</span> <span class='ocrx_word' id='word_1_144' title='bbox 714 1751 902 1815; x_wconf 86' lang='lat' dir='ltr'>mercedibus</span> <span class='ocrx_word' id='word_1_145' title='bbox 916 1752 947 1814; x_wconf 90' lang='lat' dir='ltr'>P.</span> <span class='ocrx_word' id='word_1_146' title='bbox 958 1753 1078 1815; x_wconf 84' lang='lat' dir='ltr'>Clodius</span> 
     </span>
     <span class='ocr_line' id='line_1_19' title="bbox 70 1841 1080 1923; baseline 0.001 -20"><span class='ocrx_word' id='word_1_147' title='bbox 70 1850 121 1904; x_wconf 92' lang='lat' dir='ltr'>aut</span> <span class='ocrx_word' id='word_1_148' title='bbox 135 1841 166 1904; x_wconf 92' lang='lat' dir='ltr'>C.</span> <span class='ocrx_word' id='word_1_149' title='bbox 180 1841 270 1903; x_wconf 91' lang='lat' dir='ltr'>Curio</span> <span class='ocrx_word' id='word_1_150' title='bbox 285 1844 450 1903; x_wconf 89' lang='lat' dir='ltr'>contionari</span> <span class='ocrx_word' id='word_1_151' title='bbox 463 1841 543 1904; x_wconf 90' lang='lat' dir='ltr'>soliti</span> <span class='ocrx_word' id='word_1_152' title='bbox 557 1843 625 1903; x_wconf 90' lang='lat' dir='ltr'>sint.</span> <span class='ocrx_word' id='word_1_153' title='bbox 653 1859 685 1903; x_wconf 89' lang='lat' dir='ltr'>se</span> <span class='ocrx_word' id='word_1_154' title='bbox 699 1842 831 1903; x_wconf 91' lang='lat' dir='ltr'>modicos</span> <span class='ocrx_word' id='word_1_155' title='bbox 846 1850 1011 1923; x_wconf 86' lang='lat' dir='ltr'>senatores,</span> <span class='ocrx_word' id='word_1_156' title='bbox 1025 1847 1080 1918; x_wconf 80' lang='lat' dir='ltr'>qui</span> 
     </span>
     <span class='ocr_line' id='line_1_20' title="bbox 70 1929 1078 2011; baseline 0 -19"><span class='ocrx_word' id='word_1_157' title='bbox 70 1934 169 2011; x_wconf 85' lang='lat' dir='ltr'>quieta</span> <span class='ocrx_word' id='word_1_158' title='bbox 184 1949 216 1990; x_wconf 92' lang='lat' dir='ltr'>re</span> <span class='ocrx_word' id='word_1_159' title='bbox 230 1929 348 2009; x_wconf 87' lang='lat' dir='ltr'>publiea</span> <span class='ocrx_word' id='word_1_160' title='bbox 361 1930 441 1992; x_wconf 91' lang='lat' dir='ltr'>nulla</span> <span class='ocrx_word' id='word_1_161' title='bbox 455 1932 514 1991; x_wconf 89' lang='lat' dir='ltr'>nisi</span> <span class='ocrx_word' id='word_1_162' title='bbox 527 1932 608 2009; x_wconf 90' lang='lat' dir='ltr'>pacis</span> <span class='ocrx_word' id='word_1_163' title='bbox 622 1929 818 1992; x_wconf 88' lang='lat' dir='ltr'>emolumenta</span> <span class='ocrx_word' id='word_1_164' title='bbox 832 1937 976 2009; x_wconf 86' lang='lat' dir='ltr'>peterent.</span> <span class='ocrx_word' id='word_1_165' title='bbox 1000 1933 1078 2010; x_wconf 81' lang='lat' dir='ltr'>cogi·</span> 
     </span>
     <span class='ocr_line' id='line_1_21' title="bbox 70 2017 1078 2099; baseline -0.002 -18"><span class='ocrx_word' id='word_1_166' title='bbox 70 2027 147 2081; x_wconf 90' lang='lat' dir='ltr'>taret</span> <span class='ocrx_word' id='word_1_167' title='bbox 164 2018 294 2099; x_wconf 89' lang='lat' dir='ltr'>plebem,</span> <span class='ocrx_word' id='word_1_168' title='bbox 313 2024 388 2098; x_wconf 82' lang='lat' dir='ltr'>quae</span> <span class='ocrx_word' id='word_1_169' title='bbox 403 2028 470 2098; x_wconf 84' lang='lat' dir='ltr'>toga</span> <span class='ocrx_word' id='word_1_170' title='bbox 484 2021 674 2080; x_wconf 84' lang='lat' dir='ltr'>enitesceret:</span> <span class='ocrx_word' id='word_1_171' title='bbox 693 2017 817 2080; x_wconf 90' lang='lat' dir='ltr'>sublatis</span> <span class='ocrx_word' id='word_1_172' title='bbox 832 2018 998 2080; x_wconf 90' lang='lat' dir='ltr'>studiorum</span> <span class='ocrx_word' id='word_1_173' title='bbox 1012 2037 1078 2099; x_wconf 93' lang='lat' dir='ltr'>pre-</span> 
     </span>
     <span class='ocr_line' id='line_1_22' title="bbox 69 2107 1122 2188; baseline 0.001 -19"><span class='ocrx_word' id='word_1_174' title='bbox 69 2111 119 2170; x_wconf 87' lang='lat' dir='ltr'>tiis</span> <span class='ocrx_word' id='word_1_175' title='bbox 138 2111 227 2169; x_wconf 90' lang='lat' dir='ltr'>etiam</span> <span class='ocrx_word' id='word_1_176' title='bbox 245 2108 342 2168; x_wconf 89' lang='lat' dir='ltr'>studia</span> <span class='ocrx_word' id='word_1_177' title='bbox 360 2109 500 2186; x_wconf 88' lang='lat' dir='ltr'>peritura.</span> <span class='ocrx_word' id='word_1_178' title='bbox 537 2117 572 2169; x_wconf 92' lang='lat' dir='ltr'>ut</span> <span class='ocrx_word' id='word_1_179' title='bbox 590 2109 688 2168; x_wconf 92' lang='lat' dir='ltr'>minus</span> <span class='ocrx_word' id='word_1_180' title='bbox 706 2108 814 2168; x_wconf 90' lang='lat' dir='ltr'>decora</span> <span class='ocrx_word' id='word_1_181' title='bbox 831 2107 917 2188; x_wconf 91' lang='lat' dir='ltr'>haee,</span> <span class='ocrx_word' id='word_1_182' title='bbox 940 2110 982 2168; x_wconf 90' lang='lat' dir='ltr'>ita</span> <span class='ocrx_word' id='word_1_183' title='bbox 999 2108 1122 2170; x_wconf 75' lang='lat' dir='ltr'>haud1⁵</span> 
     </span>
     <span class='ocr_line' id='line_1_23' title="bbox 70 2195 1079 2276; baseline 0 -20"><span class='ocrx_word' id='word_1_184' title='bbox 70 2198 181 2257; x_wconf 79' lang='lat' dir='ltr'>frustra</span> <span class='ocrx_word' id='word_1_185' title='bbox 200 2196 277 2257; x_wconf 87' lang='lat' dir='ltr'>dicta</span> <span class='ocrx_word' id='word_1_186' title='bbox 295 2198 436 2275; x_wconf 90' lang='lat' dir='ltr'>princeps</span> <span class='ocrx_word' id='word_1_187' title='bbox 454 2203 549 2276; x_wconf 76' lang='lat' dir='ltr'>ratuS,</span> <span class='ocrx_word' id='word_1_188' title='bbox 573 2195 723 2274; x_wconf 88' lang='lat' dir='ltr'>capiendis</span> <span class='ocrx_word' id='word_1_189' title='bbox 741 2197 877 2276; x_wconf 90' lang='lat' dir='ltr'>pecuniis</span> <span class='ocrx_word' id='word_1_190' title='bbox 894 2200 1001 2258; x_wconf 82' lang='lat' dir='ltr'>statuit</span> <span class='ocrx_word' id='word_1_191' title='bbox 1018 2215 1079 2257; x_wconf 91' lang='lat' dir='ltr'>mo·</span> 
     </span>
     <span class='ocr_line' id='line_1_24' title="bbox 70 2284 1080 2366; baseline 0.001 -21"><span class='ocrx_word' id='word_1_192' title='bbox 70 2285 141 2345; x_wconf 93' lang='lat' dir='ltr'>dnm</span> <span class='ocrx_word' id='word_1_193' title='bbox 151 2302 246 2362; x_wconf 89' lang='lat' dir='ltr'>usque</span> <span class='ocrx_word' id='word_1_194' title='bbox 260 2284 296 2344; x_wconf 94' lang='lat' dir='ltr'>ad</span> <span class='ocrx_word' id='word_1_195' title='bbox 311 2285 386 2346; x_wconf 92' lang='lat' dir='ltr'>dena</span> <span class='ocrx_word' id='word_1_196' title='bbox 401 2287 546 2366; x_wconf 91' lang='lat' dir='ltr'>sestertia,</span> <span class='ocrx_word' id='word_1_197' title='bbox 562 2303 649 2364; x_wconf 89' lang='lat' dir='ltr'>quem</span> <span class='ocrx_word' id='word_1_198' title='bbox 664 2286 777 2362; x_wconf 83' lang='lat' dir='ltr'>egressi</span> <span class='ocrx_word' id='word_1_199' title='bbox 791 2285 1023 2363; x_wconf 89' lang='lat' dir='ltr'>repetundarum</span> <span class='ocrx_word' id='word_1_200' title='bbox 1037 2292 1080 2346; x_wconf 86' lang='lat' dir='ltr'>te·</span> 
     </span>
     <span class='ocr_line' id='line_1_25' title="bbox 70 2380 221 2434; baseline -0.013 0"><span class='ocrx_word' id='word_1_201' title='bbox 70 2380 221 2434; x_wconf 85' lang='lat' dir='ltr'>narentur.</span> 
     </span>
    </p>

    <p class='ocr_par' dir='ltr' id='par_1_4' title="bbox 70 2459 1108 2981">
     <span class='ocr_line' id='line_1_26' title="bbox 138 2459 1079 2540; baseline -0.002 -18"><span class='ocrx_word' id='word_1_202' title='bbox 138 2459 167 2522; x_wconf 91' lang='lat'>8.</span> <span class='ocrx_word' id='word_1_203' title='bbox 187 2460 249 2521; x_wconf 89' lang='lat' dir='ltr'>Sub</span> <span class='ocrx_word' id='word_1_204' title='bbox 269 2460 349 2521; x_wconf 92' lang='lat' dir='ltr'>idem</span> <span class='ocrx_word' id='word_1_205' title='bbox 368 2467 485 2540; x_wconf 90' lang='lat' dir='ltr'>tempus</span> <span class='ocrx_word' id='word_1_206' title='bbox 503 2459 702 2539; x_wconf 85' lang='lat' dir='ltr'>Mithridates,</span> <span class='ocrx_word' id='word_1_207' title='bbox 721 2477 809 2539; x_wconf 88' lang='lat' dir='ltr'>quem</span> <span class='ocrx_word' id='word_1_208' title='bbox 827 2461 1013 2538; x_wconf 91' lang='lat' dir='ltr'>imperitasse</span> <span class='ocrx_word' id='word_1_209' title='bbox 1027 2459 1079 2520; x_wconf 93' lang='lat' dir='ltr'>Ar-</span> 
     </span>
     <span class='ocr_line' id='line_1_27' title="bbox 71 2549 1079 2628; baseline -0.002 -18"><span class='ocrx_word' id='word_1_210' title='bbox 71 2552 177 2623; x_wconf 87' lang='lat' dir='ltr'>meniis</span> <span class='ocrx_word' id='word_1_211' title='bbox 196 2553 338 2624; x_wconf 78' lang='lat' dir='ltr'>iussuque</span> <span class='ocrx_word' id='word_1_212' title='bbox 358 2551 419 2610; x_wconf 83' lang='lat' dir='ltr'>Gai</span> <span class='ocrx_word' id='word_1_213' title='bbox 436 2549 569 2609; x_wconf 89' lang='lat' dir='ltr'>Caesaris</span> <span class='ocrx_word' id='word_1_214' title='bbox 592 2550 724 2609; x_wconf 89' lang='lat' dir='ltr'>vinctum</span> <span class='ocrx_word' id='word_1_215' title='bbox 745 2551 918 2628; x_wconf 91' lang='lat' dir='ltr'>memoravi,</span> <span class='ocrx_word' id='word_1_216' title='bbox 940 2555 1079 2608; x_wconf 89' lang='lat' dir='ltr'>monente</span> 
     </span>
     <span class='ocr_line' id='line_1_28' title="bbox 71 2635 1079 2715; baseline -0.002 -17"><span class='ocrx_word' id='word_1_217' title='bbox 71 2637 193 2699; x_wconf 93' lang='lat' dir='ltr'>Claudio</span> <span class='ocrx_word' id='word_1_218' title='bbox 212 2640 244 2697; x_wconf 91' lang='lat' dir='ltr'>in</span> <span class='ocrx_word' id='word_1_219' title='bbox 262 2655 387 2715; x_wconf 81' lang='lat' dir='ltr'>regnum</span> <span class='ocrx_word' id='word_1_220' title='bbox 410 2639 565 2715; x_wconf 89' lang='lat' dir='ltr'>remeavit,</span> <span class='ocrx_word' id='word_1_221' title='bbox 587 2637 659 2697; x_wconf 86' lang='lat' dir='ltr'>fisus</span> <span class='ocrx_word' id='word_1_222' title='bbox 677 2635 883 2697; x_wconf 89' lang='lat' dir='ltr'>Pharasmanis</span> <span class='ocrx_word' id='word_1_223' title='bbox 902 2635 1017 2715; x_wconf 87' lang='lat' dir='ltr'>opibus.</span> <span class='ocrx_word' id='word_1_224' title='bbox 1053 2638 1079 2696; x_wconf 90' lang='lat' dir='ltr'>is</span> 
     </span>
     <span class='ocr_line' id='line_1_29' title="bbox 71 2724 1079 2804; baseline -0.002 -17"><span class='ocrx_word' id='word_1_225' title='bbox 71 2742 124 2787; x_wconf 82' lang='lat' dir='ltr'>rex</span> <span class='ocrx_word' id='word_1_226' title='bbox 138 2725 258 2787; x_wconf 87' lang='lat' dir='ltr'>Hiberis</span> <span class='ocrx_word' id='word_1_227' title='bbox 276 2725 414 2804; x_wconf 89' lang='lat' dir='ltr'>idemque</span> <span class='ocrx_word' id='word_1_228' title='bbox 428 2724 607 2785; x_wconf 88' lang='lat' dir='ltr'>Mithridatis</span> <span class='ocrx_word' id='word_1_229' title='bbox 625 2725 717 2785; x_wconf 84' lang='lat' dir='ltr'>frater</span> <span class='ocrx_word' id='word_1_230' title='bbox 735 2724 890 2785; x_wconf 89' lang='lat' dir='ltr'>nuntiabat</span> <span class='ocrx_word' id='word_1_231' title='bbox 909 2724 1079 2785; x_wconf 85' lang='lat' dir='ltr'>discordare</span> 
     </span>
     <span class='ocr_line' id='line_1_30' title="bbox 70 2811 1108 2893; baseline -0.001 -19"><span class='ocrx_word' id='word_1_232' title='bbox 70 2813 195 2875; x_wconf 91' lang='lat' dir='ltr'>Parthos</span> <span class='ocrx_word' id='word_1_233' title='bbox 205 2831 378 2892; x_wconf 90' lang='lat' dir='ltr'>summaque</span> <span class='ocrx_word' id='word_1_234' title='bbox 389 2815 507 2892; x_wconf 91' lang='lat' dir='ltr'>imperii</span> <span class='ocrx_word' id='word_1_235' title='bbox 515 2813 660 2893; x_wconf 84' lang='lat' dir='ltr'>ambigua,</span> <span class='ocrx_word' id='word_1_236' title='bbox 673 2813 788 2872; x_wconf 90' lang='lat' dir='ltr'>minora</span> <span class='ocrx_word' id='word_1_237' title='bbox 803 2814 867 2873; x_wconf 89' lang='lat' dir='ltr'>sine</span> <span class='ocrx_word' id='word_1_238' title='bbox 881 2830 953 2874; x_wconf 90' lang='lat' dir='ltr'>cura</span> <span class='ocrx_word' id='word_1_239' title='bbox 967 2811 1078 2874; x_wconf 90' lang='lat' dir='ltr'>haberi.</span> <span class='ocrx_word' id='word_1_240' title='bbox 1093 2825 1108 2866; x_wconf 86' lang='lat'>⁵</span> 
     </span>
     <span class='ocr_line' id='line_1_31' title="bbox 70 2900 1080 2981; baseline -0.001 -18"><span class='ocrx_word' id='word_1_241' title='bbox 70 2921 139 2964; x_wconf 91' lang='lat' dir='ltr'>nam</span> <span class='ocrx_word' id='word_1_242' title='bbox 161 2902 300 2963; x_wconf 89' lang='lat' dir='ltr'>Gotarzes</span> <span class='ocrx_word' id='word_1_243' title='bbox 324 2904 403 2963; x_wconf 91' lang='lat' dir='ltr'>inter</span> <span class='ocrx_word' id='word_1_244' title='bbox 425 2901 566 2981; x_wconf 87' lang='lat' dir='ltr'>pleraque</span> <span class='ocrx_word' id='word_1_245' title='bbox 589 2919 674 2962; x_wconf 80' lang='lat' dir='ltr'>saeva</span> <span class='ocrx_word' id='word_1_246' title='bbox 697 2918 801 2962; x_wconf 90' lang='lat' dir='ltr'>nocem</span> <span class='ocrx_word' id='word_1_247' title='bbox 824 2900 909 2962; x_wconf 78' lang='lat' dir='ltr'>tratri</span> <span class='ocrx_word' id='word_1_248' title='bbox 931 2901 1080 2963; x_wconf 90' lang='lat' dir='ltr'>Artabano</span> 
     </span>
    </p>
   </div>
   <div class='ocr_carea' id='block_1_3' title="bbox 69 3105 1080 3600">
    <p class='ocr_par' dir='ltr' id='par_1_5' title="bbox 69 3105 1080 3600">
     <span class='ocr_line' id='line_1_32' title="bbox 143 3105 1080 3177; baseline -0.003 -16"><span class='ocrx_word' id='word_1_249' title='bbox 143 3108 168 3174; x_wconf 80' lang='lat' dir='ltr'>l,</span> <span class='ocrx_word' id='word_1_250' title='bbox 185 3113 199 3162; x_wconf 93' lang='lat'><strong>1</strong></span> <span class='ocrx_word' id='word_1_251' title='bbox 218 3108 312 3162; x_wconf 83' lang='lat' dir='ltr'>tacere</span> <span class='ocrx_word' id='word_1_252' title='bbox 331 3105 384 3176; x_wconf 83' lang='lat' dir='ltr'>(ita</span> <span class='ocrx_word' id='word_1_253' title='bbox 398 3122 482 3176; x_wconf 82' lang='lat' dir='ltr'>agere</span> <span class='ocrx_word' id='word_1_254' title='bbox 501 3105 699 3172; x_wconf 67' lang='lat' dir='ltr'>Weissenborn)</span> <span class='ocrx_word' id='word_1_255' title='bbox 714 3107 720 3177; x_wconf 78' lang='grc' dir='ltr'>Ι</span> <span class='ocrx_word' id='word_1_256' title='bbox 735 3112 751 3162; x_wconf 86' lang='grc'><strong>3</strong></span> <span class='ocrx_word' id='word_1_257' title='bbox 766 3105 864 3160; x_wconf 83' lang='lat' dir='ltr'>streis</span> <span class='ocrx_word' id='word_1_258' title='bbox 878 3106 964 3162; x_wconf 82' lang='lat' dir='ltr'>Jacob</span> <span class='ocrx_word' id='word_1_259' title='bbox 980 3106 985 3177; x_wconf 93' lang='grc' dir='ltr'>Ι</span> <span class='ocrx_word' id='word_1_260' title='bbox 1000 3120 1080 3174; x_wconf 87' lang='lat' dir='ltr'>prae-</span> 
     </span>
     <span class='ocr_line' id='line_1_33' title="bbox 69 3175 1079 3248; baseline -0.003 -16"><span class='ocrx_word' id='word_1_261' title='bbox 69 3194 170 3248; x_wconf 81' lang='lat' dir='ltr'>parare</span> <span class='ocrx_word' id='word_1_262' title='bbox 180 3177 285 3248; x_wconf 84' lang='lat' dir='ltr'>(parari</span> <span class='ocrx_word' id='word_1_263' title='bbox 298 3177 404 3247; x_wconf 78' lang='lat' dir='ltr'>Haase)</span> <span class='ocrx_word' id='word_1_264' title='bbox 419 3178 424 3247; x_wconf 94' lang='grc' dir='ltr'>Ι</span> <span class='ocrx_word' id='word_1_265' title='bbox 441 3184 457 3232; x_wconf 80' lang='lat' dir='ltr'>b</span> <span class='ocrx_word' id='word_1_266' title='bbox 471 3194 501 3232; x_wconf 86' lang='lat' dir='ltr'>so</span> <span class='ocrx_word' id='word_1_267' title='bbox 515 3193 565 3233; x_wconf 87' lang='lat' dir='ltr'>om.</span> <span class='ocrx_word' id='word_1_268' title='bbox 576 3177 711 3232; x_wconf 81' lang='lat' dir='ltr'>Heinsius</span> <span class='ocrx_word' id='word_1_269' title='bbox 725 3180 729 3244; x_wconf 91' lang='grc' dir='ltr'>Ι</span> <span class='ocrx_word' id='word_1_270' title='bbox 747 3183 779 3240; x_wconf 77' lang='lat'>12</span> <span class='ocrx_word' id='word_1_271' title='bbox 795 3176 844 3244; x_wconf 82' lang='lat' dir='ltr'>qui</span> <span class='ocrx_word' id='word_1_272' title='bbox 857 3175 955 3245; x_wconf 85' lang='lat' dir='ltr'>quieta</span> <span class='ocrx_word' id='word_1_273' title='bbox 967 3177 1079 3245; x_wconf 79' lang='lat' dir='ltr'>scripsi:</span> 
     </span>
     <span class='ocr_line' id='line_1_34' title="bbox 71 3247 1079 3318; baseline -0.003 -15"><span class='ocrx_word' id='word_1_274' title='bbox 71 3248 121 3316; x_wconf 90' lang='lat' dir='ltr'>qui</span> <span class='ocrx_word' id='word_1_275' title='bbox 135 3251 164 3304; x_wconf 88' lang='lat' dir='ltr'>et</span> <span class='ocrx_word' id='word_1_276' title='bbox 178 3265 196 3303; x_wconf 84' lang='lat' dir='ltr'>a</span> <span class='ocrx_word' id='word_1_277' title='bbox 210 3250 372 3317; x_wconf 83' lang='lat' dir='ltr'>(senatores,</span> <span class='ocrx_word' id='word_1_278' title='bbox 392 3247 504 3316; x_wconf 79' lang='lat' dir='ltr'>quieta.</span> <span class='ocrx_word' id='word_1_279' title='bbox 516 3288 522 3301; x_wconf 94' lang='lat'>.</span> <span class='ocrx_word' id='word_1_280' title='bbox 536 3249 632 3317; x_wconf 84' lang='lat' dir='ltr'>petere</span> <span class='ocrx_word' id='word_1_281' title='bbox 643 3249 776 3318; x_wconf 77' lang='lat' dir='ltr'>Pieheuo)</span> <span class='ocrx_word' id='word_1_282' title='bbox 792 3248 797 3317; x_wconf 94' lang='grc' dir='ltr'>Ι</span> <span class='ocrx_word' id='word_1_283' title='bbox 815 3252 848 3301; x_wconf 79' lang='lat'>14</span> <span class='ocrx_word' id='word_1_284' title='bbox 862 3262 934 3315; x_wconf 82' lang='lat' dir='ltr'>quae</span> <span class='ocrx_word' id='word_1_285' title='bbox 945 3247 1079 3301; x_wconf 76' lang='lat' dir='ltr'>Pichena:</span> 
     </span>
     <span class='ocr_line' id='line_1_35' title="bbox 71 3314 1080 3392; baseline -0.004 -18"><span class='ocrx_word' id='word_1_286' title='bbox 71 3335 127 3387; x_wconf 80' lang='lat' dir='ltr'>qna</span> <span class='ocrx_word' id='word_1_287' title='bbox 143 3322 148 3386; x_wconf 95' lang='grc' dir='ltr'>Ι</span> <span class='ocrx_word' id='word_1_288' title='bbox 165 3325 198 3392; x_wconf 85' lang='lat' dir='ltr'>lc</span> <span class='ocrx_word' id='word_1_289' title='bbox 217 3319 319 3373; x_wconf 80' lang='lat' dir='ltr'>statuit</span> <span class='ocrx_word' id='word_1_290' title='bbox 335 3320 472 3389; x_wconf 76' lang='lat' dir='ltr'>sacppleoit</span> <span class='ocrx_word' id='word_1_291' title='bbox 493 3318 591 3385; x_wconf 79' lang='lat' dir='ltr'>Orelli,</span> <span class='ocrx_word' id='word_1_292' title='bbox 608 3316 705 3387; x_wconf 88' lang='lat' dir='ltr'>posuit</span> <span class='ocrx_word' id='word_1_293' title='bbox 721 3319 756 3373; x_wconf 86' lang='lat' dir='ltr'>ol.</span> <span class='ocrx_word' id='word_1_294' title='bbox 774 3321 822 3385; x_wconf 81' lang='grc'>18,</span> <span class='ocrx_word' id='word_1_295' title='bbox 841 3324 857 3371; x_wconf 76' lang='lat'>2</span> <span class='ocrx_word' id='word_1_296' title='bbox 875 3316 1008 3384; x_wconf 87' lang='lat' dir='ltr'>iussuque</span> <span class='ocrx_word' id='word_1_297' title='bbox 1027 3314 1080 3370; x_wconf 84' lang='lat' dir='ltr'>Gai</span> 
     </span>
     <span class='ocr_line' id='line_1_36' title="bbox 70 3386 1079 3530; baseline 0 -16"><span class='ocrx_word' id='word_1_298' title='bbox 70 3391 506 3529; x_wconf 55' lang='lat' dir='ltr'>tauthitanus</span> <span class='ocrx_word' id='word_1_299' title='bbox 520 3391 621 3514; x_wconf 68' lang='lat' dir='ltr'>‘saar</span> <span class='ocrx_word' id='word_1_300' title='bbox 636 3392 673 3514; x_wconf 74' lang='lat' dir='ltr'>tt</span> <span class='ocrx_word' id='word_1_301' title='bbox 686 3386 1079 3530; x_wconf 61' lang='lat' dir='ltr'>interiacente</span> 
     </span>
     <span class='ocr_line' id='line_1_37' title="bbox 69 3476 1079 3600; baseline -0.003 -13"><span class='ocrx_word' id='word_1_302' title='bbox 69 3477 199 3587; x_wconf 52' lang='lat' dir='ltr'>{¹031}ss</span> <span class='ocrx_word' id='word_1_303' title='bbox 216 3531 350 3600; x_wconf 81' lang='lat' dir='ltr'>pleraque</span> <span class='ocrx_word' id='word_1_304' title='bbox 369 3547 465 3597; x_wconf 53' lang='lat' dir='ltr'>aaaron</span> <span class='ocrx_word' id='word_1_305' title='bbox 484 3501 553 3599; x_wconf 63' lang='lat' dir='ltr'>(puin</span> <span class='ocrx_word' id='word_1_306' title='bbox 570 3476 668 3585; x_wconf 57' lang='lat' dir='ltr'>necgm</span> <span class='ocrx_word' id='word_1_307' title='bbox 686 3535 732 3586; x_wconf 81' lang='lat' dir='ltr'>cto.</span> <span class='ocrx_word' id='word_1_308' title='bbox 752 3529 879 3600; x_wconf 80' lang='lat' dir='ltr'>Madoip)</span> <span class='ocrx_word' id='word_1_309' title='bbox 1071 3498 1079 3513; x_wconf 42' lang='lat'><strong>·</strong></span> 
     </span>
    </p>
   </div>
   <div class='ocr_carea' id='block_1_4' title="bbox 0 0 1202 3876">
    <p class='ocr_par' dir='ltr' id='par_1_6' title="bbox 0 0 1202 3876">
     <span class='ocr_line' id='line_1_38' title="bbox 0 0 1202 3876; baseline 0 0"><span class='ocrx_word' id='word_1_310' title='bbox 0 0 1202 3876; x_wconf 95' lang='lat' dir='ltr'> </span> 
     </span>
    </p>
   </div>
  </div>
 </body>
</html>
