2392 3876
128 199 195 265 352
436 277 441 284 Ι
479 190 783 249 consummem

129 347 212 425 bens,
226 363 323 424 neque
338 362 370 404 se
384 349 528 403 armatum
539 360 607 403 cum
621 340 784 403 inermibus
794 347 825 401 et
835 341 1013 404 effeminatis
1024 351 1145 406 tantum

129 436 243 497 lacinus
258 435 509 512 consociaturum3
528 431 610 511 dein,
628 437 784 509 postquam
803 429 1003 512 urguebatur,
1023 435 1145 495 contes-

101 526 222 586 osionis
240 522 360 602 gloriam
380 520 540 600 amplexus.
572 521 831 597 interrogatusqne
845 535 861 578 a
875 517 1008 600 Nerone,
1031 521 1145 600 quibus

128 615 227 676 causis
250 611 285 672 ad
309 609 484 670 oblivionem
508 609 685 668 sacramenti
707 608 914 687 processisset,
943 602 1084 670 ‘oderam
1103 607 1144 672 tc'

127 703 238 780 lnquit,
260 695 326 760 ‘nec
345 699 501 777 qnisquam
519 694 575 755 tibi
592 694 707 756 fidelior
721 694 848 756 militum
865 695 934 776 init,
953 695 1028 757 dum
1049 702 1145 760 amari

128 791 272 851 meruisti.
315 787 412 847 odisse
432 785 528 864 coepi,
553 793 710 863 postquam
728 783 876 862 parricida
893 787 998 845 matris
1017 793 1052 848 et
1071 806 1143 848 uxo·

128 882 183 959 ris,
202 879 302 955 auriga
322 882 351 935 et
369 874 474 934 histrio
494 880 524 932 et
550 871 751 933 incendiarius
770 867 914 934 extitisti?
949 875 1016 952 ipsa
1036 875 1143 936 rettuli

88 984 113 1024 10
128 966 229 1045 verba,
262 966 331 1042 quia
357 979 430 1040 non,
458 969 491 1022 ut
520 959 661 1042 Senecae,
690 960 806 1040 vulgata
833 968 931 1042 erant,
958 980 1015 1022 nec
1039 967 1143 1025 minus

128 1056 211 1115 nosci
225 1051 348 1113 decebat
362 1049 496 1110 militaris
511 1051 568 1109 viri
582 1067 687 1110 sensus
708 1051 874 1129 incomptos
892 1056 923 1111 et
940 1049 1066 1112 validos.
1099 1055 1143 1113 ni·

126 1141 169 1201 hil
196 1143 226 1200 in
254 1139 302 1199 illa
325 1139 529 1200 coniuratione
558 1140 676 1216 gravius
698 1138 821 1198 auribus
843 1137 969 1198 Neronis
993 1140 1143 1202 accidisse

127 1231 274 1308 constitit,
293 1229 345 1307 qui
364 1235 397 1288 ut
416 1227 558 1288 iaciendis
577 1226 740 1287 sceleribus
754 1226 923 1306 promptus',
941 1229 982 1287 ita
996 1228 1142 1290 audiendi

127 1337 201 1398 quae
226 1319 336 1378 taceret
359 1315 488 1377 insolens
507 1323 578 1376 erat.
615 1332 710 1394 poena
729 1314 810 1376 Flavi
828 1314 947 1375 Veianio
968 1315 1063 1394 Nigro
1088 1321 1142 1379 tri--

89 1423 113 1464 ra
127 1407 207 1468 buno
226 1405 390 1466 mandatur.
427 1407 453 1465 is
478 1405 612 1482 proximo
631 1405 661 1464 in
685 1421 755 1483 agro
779 1402 914 1464 scrobem
934 1403 1022 1465 eilodi
1042 1407 1141 1488 iussit,

128 1514 215 1575 quam
230 1497 322 1555 visam
336 1493 442 1553 Flavus
460 1499 494 1552 ut
512 1491 654 1553 humilem
668 1499 697 1552 et
716 1500 870 1570 angustam
890 1494 1063 1574 increpans,
1084 1498 1141 1556 cir-

128 1583 345 1645 cumstantibus
368 1581 524 1660 militibus,
555 1576 603 1640 ‘ne
626 1580 683 1640 hoc
707 1575 837 1659 quidem’
861 1583 958 1660 inquit
981 1576 1029 1642 ‘ex
1050 1583 1139 1645 disci

126 1667 226 1752 plina'
255 1671 480 1749 admonitusque
496 1669 612 1730 fortiter
626 1669 803 1748 protendere
818 1671 976 1749 cervicem,
999 1665 1140 1733 ‘utinam'

128 1762 168 1821 ait
183 1756 227 1820 ‘tu
242 1767 302 1821 tam
315 1758 432 1819 fortiter
446 1752 559 1818 ieriasl'
579 1765 609 1817 et
627 1757 676 1817 ille
695 1756 821 1818 multum
839 1765 983 1836 tremens,
1005 1777 1077 1820 cum
1092 1764 1139 1821 vix

86 1865 113 1905 ro
128 1847 244 1909 duobus
258 1848 366 1908 ictibus
381 1853 469 1925 caput
483 1847 706 1925 amputavisset,
727 1848 878 1906 saevitiam
896 1845 972 1925 apud
987 1845 1138 1910 Neronem

127 1938 258 2015 iactavit,
274 1934 459 2014 sesquiplaga
473 1935 663 1994 interiectum
677 1952 692 1994 a
708 1953 739 1995 se
754 1933 887 1995 dicendo.

194 2022 244 2085 68.
275 2023 445 2084 Proximum
473 2024 654 2083 constantiae
682 2023 849 2101 exemplum
862 2021 1019 2101 'Sulpicius
1042 2024 1139 2105 Asper

127 2114 261 2173 centurio
280 2110 430 2188 praebuit,
452 2113 639 2187 percontanti
652 2109 775 2190 Neroni,
795 2129 850 2171 cur
867 2113 897 2173 in
917 2112 1038 2172 caedem
1053 2131 1139 2175 suam

127 2200 368 2276 conspiravisset,
397 2196 527 2257 breviter
554 2198 737 2277 respondens
761 2217 820 2259 non
847 2199 932 2260 aliter
954 2208 999 2260 tot
1017 2200 1138 2279 flagitiis

128 2290 191 2347 eins
207 2285 358 2346 subveniri
371 2286 513 2363 potuisse.
541 2293 605 2346 tum
624 2288 734 2347 iussam
753 2306 877 2366 poenam
893 2288 992 2349 subiit.
1019 2308 1077 2351 nec
1092 2311 1138 2353 ce·

99 2377 184 2435 steri
203 2376 392 2435 centuriones
410 2375 441 2433 in
460 2374 662 2453 perpetiendis
681 2376 834 2455 suppliciis
853 2377 1085 2451 degeneravere:
1110 2388 1139 2441 at

127 2482 186 2524 non
205 2462 313 2524 Faenio
333 2462 409 2523 Ruso
428 2481 482 2541 par
500 2465 628 2546 animus,
648 2465 699 2526 sed
718 2465 941 2527 lamentationes
959 2484 1028 2527 suas
1047 2470 1138 2529 etiam

127 2554 157 2613 in
173 2559 381 2614 testamentum
397 2551 531 2613 contulit.

193 2640 409 2720 Opperiebatur
427 2640 518 2721 Nero,
542 2648 576 2701 nt
593 2639 732 2702 Vestinus
756 2660 874 2723 qnoque
898 2642 1055 2705 consalin
1080 2648 1136 2706 cri-

125 2748 194 2788 men
210 2729 420 2809 attraheretur,
439 2728 599 2789 violentum
619 2737 649 2790 et
666 2730 815 2790 insensum
835 2739 930 2792 ratus:
949 2730 999 2792 scd
1015 2750 1051 2792 ex
1065 2749 1136 2795 con-

87 2831 113 2871 ιο
126 2817 231 2878 iuratis
246 2817 367 2876 consilia
382 2835 450 2877 cum
465 2816 584 2877 Vestino
598 2835 658 2877 non
673 2820 863 2900 miscuerant,
877 2820 995 2900 quidam
1010 2825 1137 2883 vetustis

126 2907 156 2965 in
172 2922 239 2964 eum
254 2902 461 2985 simultatibus,
476 2904 585 2983 plures,
600 2907 668 2984 quia
682 2909 873 2985 praecipitem
888 2918 918 2969 et
932 2909 1136 2970 insociabilem

127 2991 294 3054 credebant.
322 2998 456 3052 ceterum
470 2992 581 3053 Neroni
599 2994 699 3053 odium
717 2993 859 3057 adversus
874 2996 1026 3057 Vestinum
1041 3016 1077 3058 ex
1093 3001 1135 3059 in·

126 3085 197 3143 tima
212 3078 364 3141 sodalitate
379 3087 531 3160 coeperat,
550 3082 621 3141 dnm
634 3081 683 3142 hic
697 3083 841 3160 ignaviam
856 3087 1000 3164 principis
1015 3088 1136 3164 penitus

127 3172 273 3249 cognitam
288 3168 425 3248 despicit,
449 3166 498 3227 ille
522 3169 662 3229 ferociam
681 3172 768 3230 amici
781 3176 900 3254 metuit,
919 3192 1006 3253 saepe
1021 3178 1136 3254 asperis

87 3272 113 3314 u
127 3260 240 3320 facetiis
255 3256 383 3338 inlusus,
398 3273 473 3336 quae
488 3255 540 3316 ubi
554 3257 679 3318 multum
694 3276 730 3319 cx
744 3278 814 3320 vero
829 3268 959 3344 traxere,
974 3281 1073 3323 acrem
1088 3267 1136 3326 sui

197 3394 242 3460 ct,
262 3398 278 3448 8
296 3391 393 3446 matris
413 3393 442 3446 eb
458 3389 554 3445 fratris
578 3392 608 3446 ot
632 3408 676 3446 ux.
695 3393 875 3466 Nipperdey!
892 3402 924 3450 16
943 3412 1027 3464 quam
1045 3398 1136 3451 visam

131 3463 264 3519 Waltber:
283 3463 411 3532 quamuis
428 3466 496 3534 (qna
512 3461 575 3516 visa
589 3463 725 3531 Petinus,
745 3483 829 3533 ceram
847 3467 895 3530 el.)
911 3468 916 3534 Ι
931 3466 978 3534 68,
992 3472 1008 3520 9
1024 3469 1136 3522 atrahe-

125 3535 210 3602 retur,
229 3552 276 3590 ean.
298 3536 383 3591 Orelli
401 3533 569 3604 (traherem
587 3552 603 3584 a
650 3533 754 3576 *rimiae
788 3537 830 3576 :el
876 3536 967 3584 Wierl
