2408 3870
113 171 175 236 118
461 168 632 226 CORNELII
648 170 766 227 ΤΑΟΙΤΙ

177 317 228 382 68.
252 318 389 380 'liberius
413 337 487 398 quac
505 321 537 379 in
556 318 690 380 Silanum
711 319 846 400 parabat,
870 338 930 400 quo
952 328 1133 387 excusatius

111 408 166 470 sub
190 408 324 487 exemplo
347 409 568 489 acciperentur,
591 407 706 469 libellos
729 409 789 470 divi
810 411 938 488 Augusti
960 411 1000 472 de
1021 411 1133 474 Voleso

110 496 244 558 Messalla
263 496 396 559 eiusdem
410 498 495 557 Asiae
514 515 569 575 pro
588 497 710 557 consule
725 497 895 576 factumque
908 500 940 559 io
955 517 1029 560 eum
1045 519 1132 563 sena·

111 596 159 647 tus
183 585 351 647 consultum
374 586 494 645 recitari
516 584 607 646 iubet.
649 594 713 646 tum
731 586 763 646 L.
782 585 921 647 Pisonem
944 592 1133 652 sententiam

85 685 204 755 brogat.
241 674 290 735 ille
315 672 442 742 multum
466 671 502 732 de
526 673 682 734 clementia
704 676 848 754 principis
870 675 1028 754 praelatus
1052 697 1132 758 aqua

111 773 200 842 atque
210 765 272 842 igni
282 761 381 821 Silano
395 758 633 821 interdicendum
647 765 764 823 censuit
777 764 935 842 ipsumque
949 765 982 824 in
997 766 1132 829 insulam

112 851 241 931 Gyarum
259 848 460 926 relegandum.
493 849 595 910 eadem
613 853 720 931 ceteri,
738 853 797 912 nisi
816 851 895 930 quod
910 849 961 912 Co.
977 851 1132 917 Lentulus

112 938 275 1018 separanda
290 937 381 997 Silani
400 946 532 998 materna
550 938 641 1019 bona,
664 941 773 1018 quippe
792 940 858 1000 Atia
877 948 1004 1019 parente
1025 946 1132 1024 geniti,

113 1026 322 1105 reddendaque
336 1025 395 1085 filio
411 1026 500 1105 dixit,
515 1027 661 1088 adnuente
677 1027 806 1089 Tiberio.

180 1111 231 1175 69.
250 1114 287 1174 Aa
302 1112 458 1175 Cornelius
472 1114 619 1175 Dolabella
638 1115 708 1177 dum
728 1115 925 1178 adulationem
943 1115 1071 1197 longius
1086 1140 1130 1182 se·

113 1205 224 1285 quitur,
237 1201 438 1281 increpitisC
454 1202 547 1263 Silani
561 1203 695 1264 moribus
709 1203 832 1284 addidit,
846 1221 884 1265 ne
900 1207 967 1283 quis
982 1210 1045 1268 vita
1060 1227 1132 1288 pro·

113 1291 220 1352 brosus
235 1299 265 1352 et
279 1298 402 1369 opertus
415 1291 534 1351 inlamia
548 1294 738 1381 provinciam
745 1295 904 1354 sortiretur
909 1293 1031 1374 ,idque
1045 1300 1132 1375 prin-

113 1398 184 1458 ceps
199 1379 383 1441 diiudicaret
411 1398 478 1440 nam
497 1380 647 1459 {ligibus
666 1363 773 1441 delicta
791 1361 905 1460 puniri:
926 1393 1042 1461 quanto
1066 1387 1133 1447 lore

86 1471 215 1529 ⁶m1t1us
232 1471 264 1528 in
281 1471 375 1547 ipsos,
397 1468 529 1530 melius'
521 1487 552 1530 m
573 1471 670 1530 socios
675 1469 855 1550 ,provideri
872 1487 910 1531 ne
924 1472 1134 1548 peccaretur?

113 1557 269 1628 adversum
297 1575 371 1636 quae
399 1557 542 1618 disseruit
565 1557 686 1619 Caesar:
712 1575 773 1618 uon
796 1557 917 1636 quidem
940 1557 1033 1619 sibi
1024 1579 1133 1641 ignara

113 1663 188 1724 quae
203 1645 239 1706 de
255 1644 353 1707 Silano
368 1644 576 1726 vulgabantur,
595 1646 646 1706 sed
661 1664 722 1706 non
736 1663 772 1705 ex
786 1663 907 1706 rumore
920 1650 1133 1714 statuendum

112 1733 244 1795 multos
236 1752 267 1794 m
281 1735 442 1812 provinciis
457 1742 559 1794 contra
560 1752 671 1815 ,quam
687 1752 755 1812 spes
768 1742 819 1794 aut
832 1742 930 1796 metus
944 1733 982 1795 de
992 1736 1056 1799 illis
1067 1741 1133 1802 iue-

113 1825 165 1902 rit,
185 1824 295 1900 egisse:
314 1823 437 1882 excitari
451 1822 594 1900 quosdam
608 1823 643 1882 ad
659 1822 780 1882 meliora
795 1822 999 1900 magnitudine
1014 1844 1133 1910 rerum,

73 1925 99 1966 1⁰
113 1870 275 1973 hebescere
296 1908 377 1971 alios.
411 1927 508 1988 neque
529 1929 616 1988 posse
630 1912 795 1991 principem
810 1909 1011 1973 sua'scientia‘
1018 1928 1134 1979 cuncta

113 2001 283 2080 complecti,
311 2016 406 2078 neque
435 1999 575 2078 expedire
603 2010 637 2060 ut
666 1998 824 2060 ambitidne
855 1996 948 2061 aliena
977 2002 1132 2068 trahatur.

112 2090 180 2151 ideo
194 2088 296 2165 leges
288 2105 319 2147 m
334 2088 410 2148 lacta
425 2089 566 2148 constitui
571 2089 680 2190 ,quia
689 2088 815 2149 lutura'
807 2106 838 2148 ιιι
853 2090 967 2149 incerto
982 2093 1055 2154 sint.
1088 2098 1132 2156 sic

113 2196 130 2238 a
143 2175 305 2238 maioribus
318 2178 497 2255 institutum,
512 2183 553 2256 ut,
568 2194 594 2236 si
585 2160 751 2238 antissent
766 2159 881 2256 delicta,
895 2194 1010 2256 poenae
1021 2198 1133 2261 seque-

113 2274 226 2327 rentur.
263 2283 301 2325 ne
324 2272 476 2325 verterent
498 2266 647 2343 sapienter
669 2275 787 2344 reperta
811 2275 841 2326 ct
865 2283 983 2344 semper
1003 2268 1133 2346 placita:

75 2369 100 2409 15
116 2357 186 2416 satis
201 2371 326 2415 onerum
340 2352 539 2434 principibuS,
559 2355 630 2413 satis
645 2355 733 2414 etiam
748 2355 906 2433 potentiae.
934 2355 1032 2417 minui
1051 2360 1132 2438 iura,

114 2447 251 2524 quotiens
270 2442 374 2522 gliscat
387 2449 532 2522 potestas,
551 2460 606 2502 uec
622 2442 766 2503 utendum
780 2444 920 2521 imperio,
940 2441 993 2503 ubi
1007 2444 1132 2525 legibus

112 2535 160 2613 agi
178 2534 279 2613 possit.
317 2540 427 2610 quanto
445 2533 540 2591 rarior
558 2530 636 2608 apud
655 2530 808 2592 Tiberium
825 2530 1023 2613 popularitaS,
1043 2543 1131 2598 tanto

112 2621 285 2683 laetioribus
308 2621 414 2681 animis
437 2627 565 2698 accepta.
602 2626 690 2698 atque
713 2618 762 2679 ille
785 2618 916 2698 prudens
941 2620 1131 2705 moderandi,

113 2713 139 2770 si
166 2711 285 2789 propria
313 2711 357 2769 ira
380 2726 440 2768 non
467 2707 673 2787 inpelleretur,
700 2707 812 2768 addidit
838 2707 966 2768 insulam
993 2707 1130 2790 Gyarum

73 2812 100 2851 ιο
113 2800 247 2858 inmitem
261 2805 291 2857 et
305 2799 369 2857 sine
384 2796 465 2857 cultu
481 2794 634 2856 hominum
653 2814 732 2856 esse:
751 2796 856 2856 darent
874 2795 975 2857 Iuniae
995 2797 1130 2862 familiae

114 2895 143 2948 et
161 2888 224 2945 viro
244 2885 392 2965 quondam
410 2885 523 2945 ordinis
547 2883 693 2964 ciusdem,
712 2892 746 2944 ut
764 2883 911 2963 Cythnum
934 2886 1037 2963 potius
1056 2907 1129 2951 cou-

113 2975 241 3036 cederet.
274 2973 303 3033 id
324 2991 457 3034 sororem
471 2991 589 3052 quoque
605 2972 697 3032 Silani
711 2972 903 3051 Torquatam,
922 2975 1041 3051 priscae
1060 2995 1129 3039 san·

113 3065 269 3125 ctimoniae
297 3063 455 3143 virginem,
487 3068 634 3140 expetere.
678 3063 710 3120 in
737 3060 813 3122 hanc
842 3062 1019 3122 sententiam
1050 3065 1129 3128 iacta

113 3154 263 3214 discessio.

184 3306 230 3372 68,
241 3302 479 3372 8AtiaMadci9·
499 3301 556 3357 alie
574 3302 692 3368 (Manlia
703 3301 826 3370 Grotius,
844 3303 884 3357 sic
897 3303 960 3359 item
971 3303 1014 3359 vel
1026 3304 1131 3361 Mallia

113 3347 247 3447 Borphcbi
276 3375 372 3455 Oeupr.
381 3374 494 3454 compl
513 3377 539 3440 3,
559 3378 595 3428 17
613 3377 681 3441 et5,
701 3376 766 3442 183)
788 3379 792 3438 Ι
818 3373 864 3438 69,
884 3379 989 3427 lnam
1012 3373 1130 3446 legibus

115 3445 286 3584 ‹bvybbreqbra'mb
300 3442 389 3498 minui
402 3443 465 3498 iura
479 3415 606 3514 Lipbiuc:
621 3443 764 3497 ιιιιιιιιιιιι
779 3446 782 3513 Ι
800 3449 831 3498 21
843 3441 983 3512 Cythnum
994 3443 1130 3519 Lipsius·
