2408 3870
144 168 209 233 144
490 166 660 224 CORNELII
676 166 796 223 unctui

77 309 82 321 ’
142 317 295 378 beneflciis
304 317 419 379 modIce
428 318 589 398 percursis,
597 335 665 378 cum
675 323 794 396 tempus
802 325 953 396 tamquam
962 317 1000 379 ad
1009 320 1160 398 integram

143 406 389 468 consultationem
403 408 570 485 petivisset,
589 405 736 467 adiunxit:
757 407 866 468 ceteris
884 405 1063 469 mortalibus
1078 411 1112 469 in
1127 427 1159 470 eo

144 502 223 556 stare
236 495 372 576 consilia,
392 495 463 574 quid
482 494 540 556 sibi
554 493 721 556 conducere
735 500 855 576 puteut;
874 496 1048 574 principum
1062 495 1159 559 diver·

102 594 117 636 ⁶
144 602 207 645 sam
227 602 292 646 esse
311 592 435 663 sortem,
458 582 567 661 quibus
590 585 750 662 praecipua
768 601 870 644 rerum
888 583 924 644 ad
948 583 1058 645 famam
1083 585 1159 647 deri·

143 672 247 751 genda.
274 672 341 733 ideo
352 690 384 733 se
394 690 453 732 non
462 671 533 732 illuc
543 671 712 750 decurrere,
727 671 805 750 quod
815 679 986 751 promptum
997 676 1168 758 rescripto,¹

143 779 231 840 posse
250 763 344 838 ipsam
358 759 469 820 Liviam
487 766 632 841 statuere,
651 759 822 821 nubendum
835 768 909 839 post
923 759 1057 823 Drusum
1071 781 1113 825 an
1130 765 1159 824 iu

143 848 301 928 penatibus
325 847 419 908 isdem
442 847 627 909 tolerandum
650 846 786 930 haberet3
813 866 879 910 esse
907 848 950 909 illi
976 858 1109 912 matrem
1132 860 1160 912 et

144 938 250 1016 ariam,
267 938 407 1015 propiora
425 935 555 996 consilia.
583 935 747 1013 simplicius
765 943 914 1017 acturum,
936 938 972 998 de
991 939 1160 1016 inimicitiis

104 1036 130 1076 ¹⁰
144 1026 273 1102 primum
288 1025 478 1105 Agrippinae,
498 1042 571 1103 quas
590 1025 676 1104 longe
694 1027 793 1087 acrius
807 1043 939 1108 arsuras,
961 1028 987 1087 si
1005 1031 1159 1090 matrimo

144 1114 227 1173 nium
244 1111 344 1173 Liviae
367 1113 448 1174 velut
466 1115 498 1175 iu
520 1121 621 1192 partes
639 1113 759 1175 domum
778 1112 936 1175 Caesarum
960 1115 1159 1179 distraxisset

144 1203 187 1261 sic
202 1219 320 1280 quoque
335 1219 491 1281 erumpere
505 1201 731 1263 aemulationem
741 1202 925 1283 feminarum,
939 1221 1035 1282 eaque
1046 1205 1158 1268 discor·

144 1288 192 1349 dia
211 1298 335 1368 nepotes
359 1309 430 1351 suos
453 1289 590 1353 convelli:
614 1290 685 1369 quid
700 1291 726 1350 si
739 1291 911 1352 intendatur
929 1300 1085 1354 certamen
1109 1294 1160 1355 tali

144 1375 305 1457 coniugio?
333 1374 455 1440 ‘falleris
474 1382 566 1460 enim,
586 1378 703 1458 Seiane,
723 1381 750 1439 si
767 1387 797 1440 te
812 1397 985 1442 mansurum
1003 1383 1038 1443 in
1053 1383 1159 1445 eodem

104 1479 130 1520 1⁶
144 1467 249 1528 ordine
275 1475 376 1551 putas,
404 1476 435 1529 et
461 1468 585 1548 Liviam,
614 1485 689 1547 quae
713 1466 784 1527 Gaio
808 1467 939 1550 Caesari,
967 1487 1037 1530 mox
1061 1470 1158 1533 Druso

144 1564 236 1635 nupta
250 1557 352 1639 luerit,
376 1575 410 1618 ea
428 1564 527 1618 mente
545 1564 690 1636 acturam,
714 1563 749 1616 ut
767 1574 834 1617 cum
849 1559 949 1636 equite
963 1556 1101 1620 Romano
1116 1580 1158 1621 se·

144 1652 254 1706 neseat.
291 1664 345 1725 ego
364 1654 398 1706 ut
421 1648 527 1725 sinam,
551 1645 687 1706 credisne
705 1661 846 1723 passuros
866 1647 917 1724 qui
939 1646 1065 1709 fratrem
1085 1652 1157 1728 eius,

145 1735 197 1811 qui
215 1742 330 1813 patrem
347 1736 533 1813 maioresque
552 1740 671 1794 nostros
689 1734 720 1794 in
739 1735 862 1794 summis
880 1736 1013 1812 imperiis
1034 1733 1158 1798 ridere?

143 1823 189 1881 vis
202 1829 236 1882 tu
250 1821 369 1900 quidem
382 1824 474 1882 istum
488 1823 567 1882 intra
580 1821 678 1883 locum
692 1823 811 1883 sistere:
832 1822 884 1883 sed
902 1822 946 1883 illi
964 1826 1156 1902 magistratus

104 1921 131 1963 so
145 1918 174 1970 et
188 1911 343 1989 primores,
358 1911 453 1988 quite
467 1911 591 1970 invitum
601 1918 799 1988 perrumpunt
809 1910 1006 1991 omnibusque
1016 1912 1056 1974 de
1065 1914 1156 1976 rebus

145 1997 313 2078 consulunt,
325 1999 488 2059 excessisse
502 2000 559 2059 iam
574 1999 689 2077 pridem
699 2007 839 2079 equestre
848 2000 998 2079 fastigium
1008 1999 1155 2083 longeque

145 2087 255 2146 antisse
278 2088 371 2165 patris
395 2088 454 2147 mei
472 2088 615 2147 amicitias
633 2105 693 2148 non
712 2087 821 2148 occulti
839 2088 941 2149 ierunt
953 2107 1070 2169 perque
1083 2093 1155 2153 inri-

145 2172 222 2233 diam
242 2176 287 2234 tui
300 2192 347 2235 me
362 2192 480 2254 quoque
495 2177 640 2237 incusant.
668 2182 698 2237 at
712 2178 792 2237 enim
799 2176 952 2256 Augustus
965 2178 1058 2241 tiliam
1072 2198 1155 2242 suam

145 2263 240 2341 equiti
249 2261 380 2324 llomano
394 2263 513 2324 tradere
527 2264 685 2325 meditatus
700 2273 753 2326 est.
781 2267 891 2327 mirum
905 2265 1036 2348 hercule,
1052 2271 1155 2330 sicum

104 2363 131 2404 tt
144 2352 175 2411 in
190 2353 287 2412 omnis
301 2370 388 2412 curas
402 2352 618 2414 distraheretur
631 2355 868 2434 immensumque
876 2354 970 2416 attolli
984 2357 1155 2434 provideret

146 2458 234 2520 quem
249 2442 457 2502 coniunctione
471 2441 523 2502 tali
536 2459 628 2521 super
641 2441 714 2503 alios
733 2442 900 2522 extulisset,
920 2442 950 2504 G.
965 2443 1155 2507 Proculeium

145 2538 175 2590 et
188 2530 332 2609 quosdam
345 2532 376 2590 in
391 2530 579 2592 sermonibus
597 2529 700 2591 habuit
717 2532 828 2609 insigni
841 2531 1056 2611 tranquillitate
1071 2536 1155 2614 vitae,

145 2618 234 2679 nullis
256 2621 301 2680 rei
324 2619 458 2697 publicae
480 2620 608 2698 negotiis
632 2621 804 2698 permixtos.
846 2620 899 2681 sed
922 2623 949 2681 si
971 2620 1154 2683 dubitatione

145 2707 272 2786 Augusti
288 2726 449 2788 movemur,
469 2716 579 2788 quanto
594 2707 718 2769 validius
732 2716 778 2768 est
792 2707 871 2787 quod
885 2707 984 2771 Marco
998 2709 1154 2790 Agrippae,

105 2805 132 2846 ³0
145 2810 213 2853 mox
231 2794 305 2854 mihi
323 2794 507 2858 conlocavit?
534 2805 622 2875 atque
641 2814 694 2874 ego
713 2796 787 2857 haec
805 2813 860 2874 pro
879 2799 1007 2859 amicitia
1025 2816 1087 2859 non
1107 2817 1154 2860 oc·

145 2880 266 2944 cultavi:
289 2890 423 2946 ceterum
441 2903 539 2965 neque
556 2886 617 2945 tuis
636 2902 733 2964 neque
751 2883 851 2946 Liviae
874 2885 1029 2947 destinatis
1052 2886 1154 2948 adver-

144 2968 241 3031 sabor.
277 2972 341 3049 ipse
360 2973 430 3051 quid
454 2976 532 3034 intra
550 2974 680 3033 animum
699 2972 903 3054 volutaverim,
927 2973 1036 3053 quibus
1059 2975 1154 3036 adhuc

144 3058 415 3122 necessitudinibus
434 3063 591 3122 inmiscere
609 3067 639 3122 te
653 3060 726 3122 mihi
739 3079 854 3142 parem,
873 3064 1006 3124 omittam
1020 3063 1057 3124 ad
1071 3082 1154 3143 prae·

145 3167 214 3210 sens
232 3149 359 3209 referre:
381 3148 411 3209 id
435 3156 549 3211 tantum
573 3151 715 3230 aperiam,
739 3150 813 3212 nihil
831 3167 897 3212 esse
916 3158 976 3213 tam
996 3152 1155 3231 excelsum,

104 3249 130 3290 ⁸⁵
145 3238 224 3317 quod
238 3256 298 3298 nou
313 3239 439 3298 virtutes
453 3239 526 3298 istae
542 3245 670 3317 tuusque
684 3241 715 3300 in
728 3256 776 3299 me
787 3240 903 3304 animus
912 3248 1092 3321 mereantur,
1106 3240 1155 3300 da-

145 3334 235 3405 toque
250 3333 383 3406 tempore
398 3326 444 3387 vel
458 3328 489 3386 in
504 3334 607 3387 senatu
622 3326 668 3387 vel
681 3329 712 3387 in
727 3330 865 3389 contione
878 3346 938 3389 non
952 3324 1106 3390 reticebo'

215 3443 261 3510 to,
281 3449 316 3498 20
333 3443 455 3500 inritum
472 3443 619 3500 Heinsius:
647 3442 737 3500 inuito
761 3460 795 3500 ec
820 3445 1018 3519 cgoimilote'one
1039 3444 1155 3516 postte

146 3509 244 3580 (inrito
262 3513 427 3587 Beroaldus)
444 3518 497 3587 121
517 3513 657 3584 longeque
675 3515 838 3574 Ricciacum
856 3514 977 3586 legeque
