2392 3876
274 193 321 248 ΑΒ
341 191 503 250 excussu
520 191 677 249 AUGUSTI
694 191 765 270 xm.
785 199 899 250 eo-ae.
1017 194 1080 260 267

73 354 118 405 tae
142 352 172 404 et
194 345 372 405 vicensimae
392 341 539 404 venalium
558 345 773 422 mancipiorum
792 345 965 426 remissum,
985 346 1083 424 specie
1098 358 1124 398 10

72 435 165 512 magis
180 450 268 511 quam
283 433 320 513 vi,
335 433 403 510 quia
418 448 486 492 cum
500 430 637 492 venditor
651 431 781 510 pendere
796 430 959 514 iuberetur,
972 435 1004 493 in
1018 450 1083 512 par-

72 530 132 582 tem
156 521 245 599 pretii
269 520 453 599 emptoribus
477 518 675 582 adcrescebat.
707 518 800 581 edixit
818 520 938 601 Caesar,
959 538 996 582 ne
1017 523 1084 600 quis

73 611 262 688 magistratus
272 616 324 669 aut
332 615 509 689 procurator
519 610 549 668 in
559 609 720 689 provincia,
731 625 822 684 quam
833 607 991 691 obtineret,
1001 627 1084 688 spec·

73 698 205 760 taculum
214 697 410 777 gladiatorum
420 703 472 758 aut
481 696 612 758 ferarum
621 703 673 758 aut
682 696 761 776 quod
772 696 851 758 aliud
861 696 1009 758 ludicrum
1017 697 1083 758 ede·

72 795 127 848 ret.
160 805 227 847 nam
247 794 314 847 ante
333 803 393 846 non
411 787 511 846 minus
529 783 582 846 tali
600 783 757 863 largitione
781 803 869 864 quarn
886 785 1084 865 corripiendis
1099 801 1124 844 aa

73 877 208 955 pecuniis
219 874 369 935 subiectos
380 871 566 954 adlligebant,
578 873 658 955 dum,
673 892 748 955 quae
758 872 881 935 libidine
891 873 1085 954 deliquerant,

74 963 186 1023 ambitu
200 968 397 1041 propugnant.

142 1048 193 1111 32.
213 1048 336 1110 Factum
355 1056 386 1111 et
403 1055 524 1110 senatus
542 1049 711 1111 consultum
728 1050 836 1112 ultioni
853 1054 935 1113 iuxta
947 1059 984 1113 ‚et
1002 1069 1084 1113 secu·

74 1142 168 1221 ritati,
187 1145 221 1200 ut
240 1140 266 1199 si
286 1139 352 1217 quis
371 1155 388 1197 a
406 1139 468 1198 suis
488 1138 582 1198 servis
600 1138 776 1199 interiectus
799 1147 892 1222 osset,
914 1142 936 1202 ii
958 1158 1085 1220 quoque,

75 1231 126 1307 qui
140 1234 316 1289 testamento
330 1243 419 1296 manu
433 1227 516 1286 missi
530 1224 587 1286 sub
601 1224 705 1287 eodem
717 1233 797 1288 tecto
805 1230 993 1311 mansissent,
1007 1231 1086 1290 inter

76 1333 177 1378 servos
201 1315 346 1394 supplicia
368 1314 542 1394 penderent.
584 1314 719 1376 redditur
741 1315 839 1376 ordini
861 1315 969 1378 Lurius
992 1316 1086 1379 Varus

75 1403 248 1486 consularis,
263 1405 401 1465 avaritiae
416 1401 591 1464 criminibus
605 1401 673 1464 olim
688 1402 853 1481 perculsus.
883 1412 913 1465 et
926 1404 1113 1483 Pomponius

77 1493 220 1554 Graecina
234 1493 360 1571 insignis
370 1492 488 1573 semina,
502 1491 535 1552 l.
545 1490 668 1572 Plautio,
682 1509 771 1570 quem
780 1509 883 1554 ovasse
892 1492 928 1554 de
938 1491 1087 1554 Britannis

76 1581 190 1660 rettuli,
214 1588 307 1659 nupta
325 1599 360 1642 ac
379 1581 600 1660 superstitionis
619 1586 758 1642 externae
777 1598 841 1662 rea,
860 1583 958 1642 mariti
975 1581 1087 1642 iudicio

77 1672 228 1749 permissa.
257 1672 342 1748 isque
361 1672 461 1749 prisco
479 1671 615 1732 instituto
636 1671 811 1749 propinquis
826 1687 925 1731 coram
940 1670 976 1731 de
991 1672 1087 1748 capite

78 1759 496 1837 lamaqucconiugiscogncvit
506 1760 690 1820 etinsontem
698 1760 907 1838 pronuntiavit.
922 1757 1086 1838 longabuic

77 1847 255 1926 Pomponiae
274 1854 353 1908 actas
372 1853 403 1908 et
420 1849 561 1908 continua
580 1849 701 1908 tristitia
718 1847 782 1908 luit.
814 1864 883 1908 nam
903 1854 971 1927 post
984 1847 1088 1908 Iuliam
1102 1864 1128 1906 ιο

76 1936 166 1997 Drusi
175 1935 264 1997 liliam
275 1935 342 1997 dolo
350 1934 524 1997 Messalinae
533 1936 718 1997 interiectam
729 1953 783 2015 per
793 1936 985 2016 quadraginta
996 1954 1088 1997 anuos

77 2044 137 2086 non
151 2023 234 2087 cultu
248 2027 306 2086 uisi
321 2023 449 2107 lugubri,
463 2042 524 2086 uon
537 2027 634 2087 auimo
648 2027 707 2086 nisi
720 2032 832 2087 maesto
847 2028 919 2106 egit3
936 2025 1026 2104 idque
1045 2023 1089 2085 illi

77 2117 264 2194 imperitante
279 2113 400 2175 Claudio
414 2116 526 2194 inpune
530 2161 540 2196 ,
553 2132 621 2176 mor
635 2114 672 2175 ad
686 2114 809 2194 gloriam
824 2116 919 2176 vertit.

144 2201 516 2281 33.1cemannusp1ures
536 2221 603 2264 reos
621 2202 737 2285 babuit,
760 2221 887 2284 quorum
905 2202 936 2264 P.
956 2202 1089 2264 Celerem

78 2299 234 2351 accusante
255 2291 335 2372 Asia,
359 2293 428 2370 quia
446 2290 598 2352 absolvere
617 2292 758 2371 nequibat
776 2292 896 2374 Caesar,
919 2293 1021 2373 traxit,
1044 2308 1089 2351 se-

78 2388 163 2441 necta
178 2379 272 2440 dcnec
286 2386 413 2441 mortem
427 2379 536 2460 obiret3
555 2397 623 2440 nam
636 2379 722 2440 Celer
740 2381 910 2462 interiecto,
928 2387 963 2441 ut
980 2397 1089 2441 memo·

78 2471 152 2548 ravi,
173 2467 272 2529 Silano
291 2485 346 2546 pro
366 2466 488 2528 consule
507 2467 710 2544 magnitudine
728 2468 849 2531 sceleris
867 2474 966 2528 cetera
980 2467 1090 2546 flagitia

79 2555 243 2633 obtegebat.
271 2554 478 2616 Cossutianum
493 2553 666 2633 Capitonem
679 2555 785 2635 Cilicas
803 2554 972 2617 detulerant
990 2572 1116 2616 macua

78 2643 174 2703 losum
193 2641 372 2721 foedumque
391 2648 422 2702 et
440 2642 519 2703 idem
536 2644 584 2708 ius
602 2641 741 2704 audaciae
759 2645 791 2704 in
808 2645 961 2722 provincia
983 2651 1090 2725 ratum,

79 2730 156 2810 quod
172 2733 202 2790 in
217 2728 291 2789 urbe
306 2738 493 2810 exercuerat,
513 2730 565 2792 sed
579 2733 726 2810 pervicaci
740 2732 927 2794 accusatione
941 2731 1089 2793 coullicta·

79 2827 127 2880 tus
142 2826 292 2898 postremo
308 2818 510 2879 defensionem
525 2821 623 2880 omisit
637 2836 672 2880 ac
686 2817 749 2899 lege
764 2819 997 2899 repetundarum
1010 2821 1089 2882 dam·

79 2917 165 2970 natus
186 2914 239 2968 est.
268 2924 322 2985 pro
340 2905 432 2988 Eprio
449 2905 600 2988 Marcello,
624 2925 641 2968 a
660 2925 718 2987 quo
737 2907 819 2988 Lycii
839 2926 888 2970 res
906 2909 1089 2990 repetebant,

149 3115 194 3182 81,
212 3119 244 3169 ta
264 3129 348 3183 quam
364 3115 426 3169 add.
443 3114 562 3184 Madvig
577 3112 637 3186 (qui
648 3110 824 3184 provinciam
837 3114 895 3170 obt.
911 3113 1088 3188 libertanum

79 3194 112 3243 to
131 3186 260 3255 dumque,
280 3201 328 3239 em.
345 3185 514 3241 Puteolanus
530 3185 621 3254 1821
637 3183 818 3256 securitatis}
833 3192 851 3240 4
864 3185 955 3240 Varus
969 3186 1089 3256 Nipper-

78 3260 141 3329 dey:
159 3256 276 3323 uarius}
294 3262 309 3311 6
329 3252 362 3310 Δ.
381 3257 445 3311 cdd.
464 3255 507 3312 Ni
572 3257 624 3328 dep
639 3257 644 3327 1
656 3254 758 3339 platio,
781 3273 830 3314 cm.
853 3255 971 3328 Ligarius
986 3258 990 3321 1
1006 3271 1090 3325 quem

78 3344 176 3384 ovasse
199 3326 234 3383 de
257 3326 289 3381 B.
308 3325 406 3382 rettuli
429 3271 589 3383 Acirim:
616 3343 665 3396 qur
692 3342 780 3382 ouans
807 3340 838 3382 ae
865 3326 900 3382 de
924 3325 1089 3381 brittanniie

77 3398 189 3454 rettulit
203 3401 240 3470 19
259 3394 456 3469 pronuntiavit
474 3398 616 3454 Morum:
633 3397 775 3469 nuntiarit
790 3401 795 3467 1
810 3396 889 3525 ὴυὶἒ]
907 3395 973 3454 hino
990 3398 1068 3454 Nau
1082 3396 1087 3471 1

78 3468 123 3536 ot,
142 3472 159 3524 l
180 3468 270 3524 barii
296 3468 466 3525 scrutantium
493 3467 591 3540 (traxit
616 3483 687 3537 rem,
720 3468 835 3524 senecta
883 3468 966 3539 irlcer)
1000 3467 1089 3524 donec

79 3538 207 3598 raeces
221 3542 258 3611 19
277 3539 371 3596 licirca
389 3538 538 3610 repetebat
