2392 3876
279 175 328 230 AB
345 172 507 231 Excusso
525 172 684 230 AUGUSTI
702 173 722 228 l.
743 179 855 230 10-14.
1058 173 1079 236 9

72 328 191 407 egregie
203 327 323 388 fecisset
336 326 497 387 admonuit.
520 340 576 385 nec
589 322 656 384 ideo
670 325 745 385 iram
760 323 825 385 eius
839 320 949 397 lenivit,
964 322 1080 404 pridem

71 418 199 497 invisus,
217 424 366 494 tamquam
384 413 472 475 ducta
491 415 522 474 in
541 415 761 474 matrimonium
774 411 911 492 Vipsania
925 411 962 472 M.
976 412 1079 490 Agrip·
1094 425 1120 466 15

71 521 127 584 pac
145 504 217 583 lilia,
231 521 305 582 quae
320 501 467 580 qnondam
481 499 593 562 Tiberii
606 519 683 561 uxor
699 502 809 583 fuerat,
827 501 894 580 plns
909 518 997 580 quam
1012 502 1080 560 civi·

72 592 111 652 lia
125 594 250 670 agitaret
263 591 463 668 Pollionisque
477 589 570 650 Asinii
583 592 676 668 patris
690 589 830 650 ferociam
844 591 998 650 retineret.
1094 594 1151 662 *a*

143 677 192 741 13.
215 678 287 740 Post
305 697 380 758 quae
398 678 431 740 L.
449 678 608 739 Arruntius
628 677 706 738 baud
730 677 857 739 multum
875 679 1047 755 discrepans
1065 694 1082 735 a

73 767 148 830 Galli
162 770 294 830 oratione
308 767 432 848 perinde
446 765 580 840 offendit,
599 784 776 845 quamquam
794 765 914 826 Tiberio
935 764 1014 826 nulla
1034 782 1081 824 ve·

72 867 123 919 tus
137 858 169 917 in
182 855 357 918 Arruntium
371 858 428 916 ira:
449 854 502 916 sed
516 855 649 936 divitem,
667 863 851 936 promptum,
871 853 984 914 artibus
999 870 1082 931 egre·

73 947 131 1024 giis
150 953 180 1006 et
195 947 259 1024 pari
275 945 351 1005 lama
365 943 497 1024 publice,
517 943 713 1022 suspectabat.
742 945 852 1022 quippe
866 944 1018 1022 Augustus
1033 959 1082 1002 su·

73 1032 387 1112 premissermonibus
401 1049 470 1094 cum
484 1039 637 1113 tractaret,
652 1034 772 1111 quinam
784 1032 907 1109 adipisci
917 1032 1109 1109 principems

74 1121 173 1181 locum
191 1122 345 1183 sullecturi
362 1120 528 1182 abnuerent
544 1128 595 1182 aut
608 1123 727 1200 inpares
741 1119 850 1180 vellent
863 1118 909 1180 rel
923 1112 1002 1179 idem
1015 1134 1082 1197 pos-

74 1217 142 1270 sent
160 1217 376 1291 cuperentque,
394 1208 440 1271 M'.
460 1207 604 1288 Lepidum
623 1208 738 1270 dixerat
755 1226 892 1288 capacem
911 1207 964 1268 sed
983 1223 1082 1284 asper

73 1305 206 1376 nantem,
225 1297 340 1358 Gallum
354 1299 489 1358 Asinium
505 1297 623 1358 avidum
639 1305 669 1357 et
684 1300 844 1377 minorem,
862 1295 894 1358 1..
908 1297 1083 1356 Arruntium

72 1403 134 1447 non
153 1387 308 1464 indignum
326 1393 369 1466 et,
388 1388 414 1446 si
432 1402 519 1445 casus
538 1385 672 1465 daretur,
692 1402 843 1445 ausurum.
876 1384 913 1445 de
931 1382 1082 1464 prioribus

74 1476 274 1551 consentitur,
297 1489 352 1550 pro
374 1473 516 1532 Arruntio
540 1471 659 1548 quidam
681 1471 733 1532 Cn.
756 1471 895 1531 Pisonem
918 1471 1122 1552 tradidere31c

75 1577 238 1641 omnesque
257 1566 376 1637 praeter
393 1558 539 1636 Lepidum
558 1559 646 1617 variis
665 1575 732 1617 mox
754 1559 927 1619 criminibus
950 1566 1084 1619 struente

77 1646 198 1707 Tiberio
222 1647 417 1706 circumventi
440 1653 519 1706 sunt.
555 1647 643 1706 etiam
662 1644 694 1715 Q.
714 1644 853 1705 Haterius
872 1655 902 1706 et
920 1645 1085 1706 Mamercus

77 1734 208 1795 Scaurus
218 1737 401 1812 suspicacem
416 1735 546 1794 animum
555 1736 768 1813 perstrinxere,
776 1731 914 1796 Haterius
922 1752 990 1795 oum
998 1732 1085 1793 dixis-

76 1831 122 1884 set
141 1817 211 1900 ‘quo
226 1840 321 1901 nsque
336 1824 470 1902 patieris,
489 1822 609 1903 Caesar,
628 1840 687 1883 non
701 1823 805 1883 adesse
820 1829 910 1914 caput
927 1825 971 1883 rei
990 1821 1084 1902 publi·

76 1905 170 1992 cae?'‚
191 1910 321 1972 Scaurus
344 1913 412 1990 quia
431 1911 557 1992 dixerat,
584 1929 667 1989 spem
690 1929 756 1971 esse
780 1928 815 1970 ex
840 1929 875 1972 eo
898 1903 957 1972 non
982 1905 1085 1971 inritds
1101 1921 1126 1969 rs

75 2001 139 2060 iore
152 2007 272 2060 senatus
283 2017 402 2080 preces,
417 1999 496 2079 qnod
510 2000 647 2060 relationi
659 1998 817 2060 consulum
829 2002 895 2061 iure
910 1999 1086 2060 tribuniciae

75 2091 231 2167 potestatis
254 2105 314 2148 non
337 2090 564 2150 intercessisset.
603 2090 634 2148 in
653 2087 806 2148 Haterium
830 2091 929 2149 statim
951 2091 1086 2148 invectus

76 2184 135 2256 est,
154 2174 312 2257 Scaurum,
331 2178 381 2238 cui
394 2175 597 2256 inplacabilius
611 2175 805 2257 irascebatur,
819 2176 936 2237 silentio
950 2178 1086 2237 tramisit.

76 2264 232 2342 fessusque
248 2263 376 2326 clamore
390 2267 535 2345 omnium,
554 2264 788 2343 expostulatione
803 2265 988 2342 singulorum
1005 2264 1087 2324 llexit

75 2353 229 2432 paulatim,
248 2369 308 2412 non
322 2361 356 2413 ut
370 2353 513 2414 fateretur
528 2354 640 2430 suscipi
654 2370 670 2412 a
684 2370 717 2413 se
731 2355 904 2434 imperium,
921 2354 972 2413 sed
987 2360 1021 2413 ut
1035 2369 1085 2411 ne·
1100 2370 1126 2410 oo

77 2458 147 2518 gare
165 2449 195 2500 et
211 2442 310 2517 rogari
324 2440 482 2502 desineret.
511 2449 627 2501 constat
640 2438 806 2514 Haterium,
826 2459 894 2501 cum
909 2440 1087 2518 deprecandi

78 2546 164 2589 causa
179 2527 323 2589 Palatium
337 2530 491 2589 introisset
505 2527 740 2607 ambulantisque
754 2527 866 2589 Tiberii
880 2546 976 2606 genua
991 2528 1087 2587 advol-

77 2624 206 2694 veretur,
221 2633 314 2694 prope
329 2634 345 2676 a
358 2616 502 2678 militibus
516 2615 716 2697 interfectum,
730 2619 799 2697 qnia
812 2616 951 2676 Tiberius
966 2634 1036 2676 casu
1051 2633 1088 2675 an

77 2702 215 2763 manibus
230 2707 296 2763 eius
309 2705 460 2781 inpeditus
473 2702 650 2782 prociderat.
674 2723 770 2783 neque
786 2712 884 2765 tamen
898 2704 1031 2782 periculo
1046 2712 1088 2765 ta·

78 2789 116 2849 lis
133 2791 188 2848 viri
207 2791 356 2867 mitigatus
375 2799 434 2871 est,
454 2791 549 2851 donec
563 2790 702 2853 Haterius
716 2795 879 2872 Augustam
896 2801 995 2853 oraret
1009 2795 1086 2853 eius·
1102 2809 1127 2849 aa

78 2895 136 2955 que
151 2880 347 2938 curatissimis
361 2879 500 2957 precibus
514 2888 732 2958 protegeretur.

148 2963 196 3027 14.
220 2964 310 3026 Multa
329 2974 447 3044 patrum
467 2970 545 3027 etin
563 2969 725 3047 Augustam
743 2967 879 3030 adulatio.
915 2968 964 3030 alii
981 2987 1087 3048 paren-

76 3061 151 3133 tem,
175 3053 223 3114 alii
244 3062 369 3115 matrem
390 3057 502 3134 patriae
521 3057 737 3137 appellandam,
760 3057 895 3137 plerique
918 3066 952 3117 ut
975 3059 1088 3117 nomini

76 3141 211 3203 Caesaris
226 3142 447 3205 adscriberetur
457 3139 557 3205 ‘lullae
572 3141 661 3206 tilius'
677 3144 846 3206 censebant.
871 3145 920 3205 ille
935 3146 1087 3205 modoran-

76 3230 130 3290 dos
155 3231 331 3292 seminarum
353 3231 482 3295 bonores
503 3232 642 3294 dictitans
661 3234 823 3312 eademque
842 3251 874 3293 se
894 3235 1088 3312 temperantia

75 3336 201 3380 usurum
217 3322 248 3379 in
262 3321 299 3380 iis
314 3337 390 3399 quae
404 3320 461 3381 sibi
475 3320 693 3402 tribuerentur,
713 3331 847 3383 ceterum
862 3323 966 3381 anxius
980 3320 1088 3382 invidia
1103 3337 1116 3376 5

148 3505 194 3573 lu,
214 3513 230 3562 ‘1
248 3505 295 3561 M!
315 3507 443 3577 Lipsius:
461 3507 499 3565 M.
517 3512 573 3578 114
592 3509 677 3579 capnt
694 3508 857 3563 Rloenanuo:
876 3506 951 3578 apud
969 3508 998 3563 ta
