2408 3870
99 152 164 215 270
449 149 620 205 CORNELII
639 148 758 204 unctu

99 300 208 360 bellum
223 308 354 381 coaetus,
373 299 511 378 dispertit
529 300 619 378 vires,
640 307 672 360 ut
690 297 779 376 legati
792 297 999 388 praefectique
1021 300 1122 363 diver-

99 406 148 448 sos
163 388 243 448 locos
257 390 367 466 pariter
386 388 571 467 invaderent3
591 386 679 448 simul
696 404 798 465 regem
811 384 993 449 Antiochum
1014 399 1123 452 monet

98 478 247 555 proximas
266 476 323 537 sibi
341 477 542 556 praefecturas
561 484 672 555 petere.
700 493 768 536 nam
786 473 1004 537 Pharasmanes
1025 479 1123 540 inter-

65 580 85 618 ιο
99 566 175 626 lecto
191 565 249 626 lilio
265 565 433 626 Radamisto
448 567 534 644 quasi
547 564 712 644 proditore,
731 581 789 643 quo
804 564 892 624 fidem
906 565 938 625 in
952 581 1013 626 nos
1029 575 1122 629 testa·

100 663 195 734 retur,
214 661 299 714 retus
318 654 460 715 adversus
474 655 628 713 Armenios
647 652 748 714 odium
762 655 928 731 promptius
943 655 1122 718 exercebat.

99 750 229 821 tuncque
244 744 374 821 primum
387 741 490 802 inlecti
503 741 628 822 Moschi,
647 759 720 821 gens
738 749 806 802 ante
825 740 897 802 ahas
910 742 994 802 socia
1010 741 1122 807 Roma·

99 834 155 910 nis,
169 833 232 891 avia
246 831 402 891 Armemae
416 831 585 891 incursarit.
616 832 657 891 ita
672 829 794 891 consilia
808 828 933 891 Tiridati
947 833 980 891 in
996 841 1121 895 contra·

99 923 176 980 rium
191 917 357 998 vertebant,
371 917 565 997 mittebatque
578 925 724 997 oratores,
739 920 791 997 qui
804 935 858 978 suo
872 917 1122 1002 Parthorumque

65 1021 85 1060 u
100 1009 218 1067 nomine
233 1006 466 1089 expostularent,
484 1025 539 1068 cur
558 1006 634 1068 datis
649 1023 745 1086 nuper
759 1005 912 1068 obsidibus
926 1008 1122 1089 redintegra-

100 1105 187 1173 taque
206 1097 347 1176 amicitia,
366 1113 441 1175 quae
459 1097 544 1156 noris
558 1113 677 1175 quoque
691 1095 844 1156 beneficiis
858 1094 957 1157 locum
971 1101 1121 1182 aperiret,

99 1191 198 1244 vetere
225 1185 381 1245 Armeniae
408 1186 597 1261 possessione
625 1183 831 1263 depelleretur.
881 1183 948 1245 ideo
975 1187 1121 1251 nondum

99 1275 197 1351 ipsum
219 1271 381 1352 Vologesen
411 1280 604 1353 commotum,
634 1275 703 1353 quia
733 1290 822 1333 causa
850 1290 938 1352 quam
965 1275 998 1335 ri
1029 1294 1121 1356 agere

100 1361 229 1422 mallent:
256 1364 301 1423 sin
320 1369 505 1440 perstaretur
523 1363 554 1422 in
572 1361 662 1442 bellu,
686 1379 745 1422 non
764 1361 865 1421 delore
884 1362 1042 1426 Arsacidis
1062 1369 1121 1428 vir·

65 1465 86 1505 ro
100 1458 193 1512 tutem
213 1452 420 1530 fortunamque
440 1452 557 1528 saepius
570 1452 630 1510 iam
643 1448 725 1511 clade
740 1449 870 1510 Romana
885 1458 1054 1529 expertam.
1084 1455 1122 1516 ad

100 1558 133 1599 ea
152 1538 294 1620 Corbulo,
317 1541 389 1600 satis
408 1545 560 1617 comperto
578 1537 742 1618 Vologesen
762 1537 927 1599 delectione
945 1538 1121 1618 Hyrcaniae

100 1630 232 1708 attineri,
255 1627 359 1689 suadet
377 1627 504 1688 Tiridati
525 1625 665 1705 precibus
684 1625 839 1688 Caesarem
863 1626 1000 1706 adgredi:
1027 1649 1121 1710 posse

100 1716 142 1776 illi
161 1735 285 1795 regnum
304 1715 408 1777 stabile
427 1723 457 1776 et
475 1732 525 1775 res
548 1717 718 1777 incruentas
741 1718 927 1796 contingere,
952 1718 977 1776 si
1004 1723 1122 1782 omissa

100 1823 152 1883 spe
167 1806 326 1884 longinqua
340 1812 370 1865 et
384 1821 450 1864 sera
464 1811 651 1882 praesentem
664 1805 869 1883 potioremque
883 1816 1079 1882 sequeretur.

166 1891 218 1956 38.
237 1893 381 1954 Placitum
401 1892 522 1971 dehinc,
542 1894 609 1970 quia
624 1891 858 1953 commeantibus
876 1893 907 1952 in
926 1894 1028 1956 vicem
1044 1915 1122 1959 nun-

99 1982 238 2043 tiisnihil
251 1984 283 2041 in
296 1997 441 2042 summam
458 1982 541 2058 pacis
559 1980 782 2059 proiciebatur,
801 1979 958 2059 conloquio
977 1983 1122 2061 ipsorum

99 2079 217 2148 tempus
235 2070 392 2147 locumque
411 2068 560 2129 destinari
589 2066 668 2128 mille
687 2070 820 2147 equitum
839 2069 1026 2148 praesidium
1042 2074 1122 2136 Tiri-

100 2159 183 2219 dates
202 2156 302 2217 adiore
321 2156 380 2216 sibi
402 2155 533 2217 dicebat:
557 2164 700 2234 quantum
719 2156 880 2219 Corbuloni
897 2159 1050 2239 cuiusque
1070 2182 1123 2242 ge-

73 2261 86 2301 a
100 2249 181 2307 neris
196 2244 323 2306 militum
337 2244 506 2324 adsisteret,
525 2261 584 2305 non
598 2250 742 2327 statuere,
761 2245 832 2308 dum
845 2247 951 2324 positis
965 2246 1075 2312 loricis
1092 2262 1124 2314 et

100 2335 232 2415 galeisin
243 2333 346 2395 faciem
356 2335 438 2412 pacis
448 2330 608 2394 veniretur.
627 2336 804 2414 cuicumque
813 2334 991 2416 mortalium,
1002 2341 1124 2402 nedum

102 2426 194 2486 reteri
207 2431 237 2484 et
252 2422 373 2502 provido
389 2422 470 2503 duci,
488 2420 630 2483 barbarae
645 2425 770 2484 astutiae
784 2425 963 2502 patuissent:
982 2425 1058 2489 ideo
1074 2448 1123 2491 ar-

100 2523 164 2576 tum
182 2512 251 2574 inde
270 2529 427 2573 numerum
446 2511 526 2570 finiri
544 2518 574 2570 et
592 2511 662 2572 hinc
680 2513 822 2573 maiorem
840 2511 953 2592 oiierri,
972 2520 1008 2575 ut
1029 2516 1124 2581 dolus

101 2610 270 2683 pararetur3
297 2619 366 2662 nam
393 2601 487 2679 equiti
515 2601 689 2678 sagittarum
711 2617 768 2661 usu
792 2602 921 2661 exercito
945 2602 972 2660 si
995 2601 1125 2669 detecta

65 2704 86 2744 ¹⁰
101 2710 225 2770 corpora
244 2690 448 2769 obicerentur,
466 2687 540 2749 nibil
559 2688 743 2766 profuturam
763 2688 990 2750 multitudinem.
1028 2692 1124 2757 dissi·

100 2780 210 2842 mulato
224 2786 322 2839 tamen
336 2777 489 2838 intellectu
502 2778 614 2838 rectius
628 2777 665 2839 de
679 2779 725 2857 iis,
741 2795 815 2857 quae
829 2780 860 2838 in
873 2777 1029 2856 publicum
1045 2800 1123 2846 oon·

102 2869 284 2947 sulerentur,
306 2868 377 2927 totis
401 2864 580 2927 exercitibus
599 2882 699 2927 coram
718 2865 929 2928 dissertaturos
946 2871 1124 2945 respondit.

102 2959 261 3034 locumque
285 2954 406 3034 delegit,
430 2955 515 3015 cuius
533 2972 603 3032 pars
621 2952 713 3015 altera
732 2954 821 3015 colles
840 2962 924 3016 erant
946 2954 1125 3022 clementer

103 3049 296 3124 adsurgentes
311 3043 491 3122 accipiendis
503 3043 638 3121 peditum
652 3042 817 3124 ordinibus,
831 3060 901 3122 pars
913 3043 945 3107 in
958 3041 1125 3122 planitiem

65 3147 87 3186 ¹⁵
102 3132 310 3217 porrigebatur
329 3133 365 3194 ad
384 3131 571 3211 explicandas
590 3133 723 3210 equitum
741 3139 862 3192 turmas.
899 3131 1006 3210 dieque
1027 3146 1124 3213 pacto

102 3228 185 3305 prior
200 3221 327 3284 Corbulo
342 3223 437 3284 socias
456 3219 593 3280 cohortes
608 3228 638 3279 et
652 3219 760 3280 auxilia
774 3237 877 3298 regum
893 3237 946 3297 pro
961 3223 1124 3308 cornibuS,

175 3360 220 3427 37,
241 3365 273 3414 12
292 3361 408 3426 tumque
430 3355 547 3411 molebat
564 3353 665 3425 Haropl
687 3357 719 3410 io
736 3355 855 3412 Horace
877 3354 910 3421 V,
928 3356 968 3411 28
983 3356 988 3422 l
1003 3353 1125 3415 Moschi

105 3433 210 3487 Ritter:
229 3429 340 3483 Insochi
356 3430 360 3501 Ι
377 3434 410 3482 13
428 3426 605 3480 incursavere
622 3427 693 3483 idern
709 3429 713 3494 Ι
731 3432 764 3481 lb
781 3423 863 3481 uobis
879 3427 884 3495 Ι
901 3429 934 3480 ts
952 3423 1094 3495 uologeae
1119 3433 1124 3506 Ι

104 3503 150 3570 88,
171 3508 186 3555 2
207 3515 344 3553 summam
361 3499 503 3554 Faernus:
524 3512 632 3552 summa
647 3501 683 3567 18
703 3494 804 3565 afferri,
823 3513 869 3552 ent.
889 3495 1021 3566 Agricola
