2392 3876
259 184 306 237 AB
325 182 485 238 EXCESSU
503 181 658 238 AUGUSTI
675 183 747 239 XIV.
767 188 879 240 32-36.
1005 183 1069 247 301

64 336 100 395 ad
121 335 306 412 septuaginta
324 332 404 393 milia
423 333 531 393 civium
551 339 580 391 et
600 333 748 392 sociorum
766 333 803 392 iis
822 349 897 410 quae
912 332 1072 391 memoravi

64 425 137 484 locis
157 423 299 483 cecidisse
318 423 459 482 constitit.
497 438 593 499 neque
612 423 690 481 enim
710 438 815 497 capara
834 428 885 480 aut
902 419 1070 480 venundare
1086 431 1112 472 1⁵

65 510 179 572 alitrdvc
202 512 279 590 quod
302 509 371 571 belli
392 511 617 587 commercium,
638 509 690 570 sed
712 509 816 569 caedes
837 507 966 587 patibula
987 509 1071 585 ignes

64 619 183 682 erucas,
201 609 349 678 tamquam
370 598 515 659 reddituri
533 597 711 676 supplicium
730 615 763 657 ac
782 604 938 676 praerepta
952 598 1073 655 interim

64 689 189 768 ultione,
207 687 393 749 festinabant.

131 775 182 838 34.
206 776 267 837 lam
287 777 427 837 Suetonio
451 782 555 854 quarta
578 774 701 835 decuma
725 774 800 852 legio
824 791 892 834 cum
915 772 1073 833 vexillariis

64 868 272 926 vicensimariis
296 873 325 924 et
349 883 364 923 e
387 865 531 942 proximis
554 863 723 943 auxiliares,
752 863 854 923 decem
878 863 971 922 terme
993 859 1073 920 milia

64 964 245 1014 armatorum
268 960 364 1029 erant,
388 969 455 1011 cum
479 953 615 1012 omittere
638 953 857 1012 cunctationem
880 959 910 1011 et
933 948 1074 1028 congredi

65 1044 128 1103 acie
147 1049 247 1119 parat·
272 1040 433 1119 deligitque
453 1038 551 1100 locum
570 1042 641 1101 artis
660 1039 795 1101 laticibus
814 1051 844 1101 et
862 1059 879 1100 a
897 1048 980 1118 tergo
1002 1036 1073 1098 silva

67 1130 214 1208 clausum,
233 1130 304 1188 satis
324 1129 442 1207 cognito
461 1126 535 1188 nihil
553 1127 683 1188 hostium
701 1131 759 1189 nisi
778 1132 808 1188 in
827 1129 924 1189 ironte
943 1137 973 1188 et
991 1138 1100 1204 aper-⁵

66 1228 126 1279 tarn
140 1217 292 1297 planitiem
310 1233 389 1296 asse,
408 1219 471 1276 sine
486 1223 567 1276 metu
581 1215 762 1277 insidiarum.
786 1217 1074 1295 ‚igitur-legionarius

67 1308 206 1386 frequens
221 1303 375 1366 ordinibus
380 1304 392 1384 ,'
407 1304 480 1387 levis
498 1306 611 1390 circum
628 1297 1001 1382 armatura,''conglobatus
1020 1321 1074 1381 pro

67 1395 207 1456 cornibus
231 1412 322 1474 eques
341 1393 462 1454 adstitit.
499 1399 528 1452 at
548 1391 755 1453 Britannorum
774 1394 875 1471 copiae
894 1393 1002 1470 passim
1022 1409 1075 1468 per

67 1493 199 1544 catervas
218 1485 248 1543 ct
265 1488 379 1542 turmas
398 1480 596 1561 exsultabant,
615 1489 725 1559 quanto
744 1498 803 1541 non
823 1479 893 1540 alias
908 1478 1074 1557 multitudo,

68 1581 98 1631 et
116 1574 213 1631 animo
232 1570 304 1630 adeo
334 1571 438 1650 ieroci,
461 1579 495 1630 ut
518 1571 659 1647 coniuges
680 1587 797 1649 quoque
822 1577 914 1629 testes
935 1569 1075 1628 victoriae
1090 1580 1115 1618 10

67 1677 170 1720 secum
184 1659 336 1720 traherent
350 1657 549 1736 plaustrisque
568 1661 757 1737 inponerent,
777 1675 851 1737 quae
871 1674 960 1735 super
978 1664 1073 1716 entra-

69 1766 148 1809 mum
163 1747 306 1807 ambitum
321 1748 416 1824 campi
430 1754 599 1825 posuerant.

136 1832 186 1897 35.
211 1835 357 1896 Boudicca
381 1852 472 1896 curru
491 1834 566 1896 filias
584 1853 655 1914 praa
674 1852 706 1895 sa
725 1833 849 1914 vehens,
872 1841 907 1894 ut
929 1850 1075 1912 quamque

69 1925 217 1985 nationem
241 1931 419 2001 accesserat,
443 1922 561 1984 solitum
585 1922 704 2003 quidem
727 1921 877 1983 Britannis
901 1923 1076 1982 laminarum

68 2014 161 2073 ductu
184 2012 292 2073 bellare
316 2011 493 2092 testabatur,
516 2011 568 2072 sed
587 2021 658 2073 tuno
677 2029 736 2072 non
755 2020 789 2072 ut
806 2013 896 2072 tantis
915 2009 1076 2071 maioribus

68 2110 162 2162 ortam
185 2119 309 2180 regnum
333 2109 363 2161 at
381 2118 466 2181 opes,
490 2118 593 2161 verum
610 2109 644 2161 ut
662 2117 751 2161 unam
770 2118 786 2160 e
804 2099 891 2179 vulgo
909 2099 1076 2160 libertatem

68 2193 218 2268 amissam,
241 2191 409 2251 coniectum
431 2188 605 2251 verberibus
629 2207 751 2268 corpus,
774 2194 985 2251 contrectatam
1003 2188 1103 2248 lilia-5

69 2297 136 2338 rum
155 2279 327 2357 pudicitiam
341 2277 453 2339 ulcisci.
481 2296 516 2338 eo
530 2286 685 2357 provectas
699 2278 898 2338 Romanorum
912 2277 1075 2355 cupidines,

70 2376 104 2427 ut
122 2384 180 2426 non
200 2384 338 2446 corpora,
356 2384 394 2426 nc
408 2374 557 2427 senectam
572 2366 691 2446 quidem
705 2374 756 2427 aut
770 2368 969 2445 virginitatem
983 2363 1075 2443 inpol-

70 2456 160 2516 lutam
175 2453 351 2534 relinquant.
380 2454 483 2514 adesse
501 2462 601 2514 tamen
620 2455 690 2515 deos
710 2457 803 2515 iustae
822 2454 982 2514 vindictae:
1001 2455 1076 2514 ccci·

70 2544 149 2603 disse
168 2541 326 2621 legionem,
348 2560 422 2620 quae
441 2540 586 2620 proelium
605 2559 675 2602 ausa
694 2544 746 2621 sit,
768 2550 885 2602 ceteros
903 2543 1009 2602 castris
1028 2558 1075 2601 oc-

70 2629 177 2692 cultari
195 2624 251 2692 aut
268 2631 365 2708 lugam
389 2631 626 2707 circumspicere.
663 2647 700 2691 ne
724 2632 881 2708 strepitum
905 2628 1023 2708 quidem
1047 2636 1116 2688 et10

69 2719 229 2780 clamorem
250 2726 293 2779 tat
312 2717 438 2798 milium,
456 2717 566 2778 uadum
584 2721 712 2796 impetus
731 2726 761 2778 et
778 2735 883 2779 manus
897 2716 1076 2795 perlaturos:

71 2809 97 2869 si
111 2810 210 2886 copias
224 2813 417 2884 armatorum,
432 2808 457 2867 si
471 2824 574 2867 causas
589 2806 658 2867 belli
673 2824 774 2867 secum
788 2806 1001 2886 expenderent,
1015 2808 1075 2866 vin·

24 2968 25 2971 Ἴ
69 2896 197 2957 cendum
217 2895 265 2956 illa
283 2897 346 2956 acie
365 2894 412 2955 vel
429 2893 593 2956 cadendum
608 2913 681 2957 asse.
709 2895 738 2956 id
753 2895 871 2957 mulieri
885 2894 1076 2957 destinatum:

71 2987 204 3045 viverent
218 2986 273 3045 viri
288 2991 317 3044 et
332 2986 485 3045 servirent.

136 3070 187 3135 36.
215 3072 257 3133 Ne
281 3071 440 3134 Suetonius
469 3073 587 3152 quidem
610 3074 641 3134 in
664 3080 745 3134 tanto
769 3073 940 3135 discrimine
963 3071 1075 3132 silebat.

69 3180 247 3242 quamquam
262 3160 424 3222 consideret
438 3164 553 3242 virtuti,
574 3170 671 3222 tamen
685 3161 904 3223 exhortationes
924 3169 954 3221 et
971 3177 1076 3238 preces

140 3315 186 3383 aa,
204 3313 432 3382 tuicasiman'is,
450 3330 496 3370 em
516 3314 682 3383 Acidaliae!
698 3317 727 3370 et
745 3331 760 3369 e
781 3313 961 3370 Puteolanus:
984 3315 1013 3368 et
1031 3314 1077 3382 (ax

70 3384 170 3455 Ritter)
186 3389 191 3452 l
208 3392 241 3442 to
259 3385 346 3442 feroci
362 3385 522 3441 Doderlee'u.
541 3385 599 3439 lero
616 3385 713 3459 185ιρ
732 3385 782 3440 sed
800 3401 830 3439 aa
844 3385 970 3440 Muretus
986 3387 990 3452 Ι
1007 3389 1022 3439 t
1040 3400 1076 3438 ne

70 3455 194 3594 ἕνῃ.
213 3473 264 3512 nec
280 3460 284 3527 Ι
303 3463 334 3512 11
353 3456 463 3511 milium
481 3457 520 3512 ed
541 3455 658 3512 Froben
676 3463 702 3513 et
718 3456 845 3528 Lipsius:
872 3454 947 3510 milit
934 3457 994 3510 tum
1009 3460 1015 3522 1
1029 3454 1075 3522 86,
