2392 3876
282 220 331 276 AB
349 216 510 275 Excussit
527 218 683 275 AUGUSTI
700 219 734 273 H.
755 227 866 276 att-nt.
1035 220 1078 284 53

72 371 245 431 tardaverat.
264 371 337 448 quin
347 376 377 430 et
386 367 615 449 Inguiomerum,
629 376 690 430 tota
700 367 870 428 volitantem
879 371 951 450 acie,
960 369 1079 431 fortuna

71 460 164 538 magis
178 475 267 536 quam
280 460 375 520 virtus
393 454 557 521 deserebat
585 463 616 517 et
629 455 822 517 Germanicus
840 475 899 536 quo
918 459 1011 536 magis
1029 457 1078 526 ad7
1093 477 1119 517 ro

72 554 274 626 gnosceretur‚
292 546 460 607 detraxerat
472 546 603 623 tegimen
617 541 708 623 capiti
726 544 887 624 orabatque
905 547 1079 607 insisterent

72 633 226 696 caedibus:
240 634 282 694 nil
296 652 372 713 opus
385 634 517 713 captivis,
531 631 623 694 solam
637 633 864 694 internicionem
879 636 976 712 gentis
990 634 1080 694 finem

72 723 149 784 bello
164 723 236 783 iore.
264 725 381 801 iamque
396 739 463 782 sero
477 721 538 783 diei
550 720 691 782 subducit
700 739 736 782 ex
746 723 808 782 acie
818 719 966 799 legionem
972 722 1079 783 facien·

72 811 119 873 dis
137 812 256 873 eastris:
275 818 390 871 ceterae
409 810 445 872 ad
463 817 581 870 noctem
594 827 702 870 cruore
719 807 851 871 hostium
865 813 987 871 satiatae
1001 818 1079 872 sunt.

72 901 189 978 equites
202 897 339 976 ambigue
353 906 511 960 certavere.
1094 917 1121 958 re

139 985 190 1049 22.
214 986 353 1048 Laudatis
371 1005 426 1066 pro
444 988 583 1049 contione
600 985 763 1049 victoribus
782 986 888 1048 Caesar
912 989 1082 1066 congeriem

72 1092 223 1137 armorum
242 1077 362 1156 struxit,
381 1074 510 1155 superbo
528 1093 598 1138 eum
614 1075 715 1136 titulo:
736 1074 889 1136 debellatis
907 1079 986 1136 inter
1004 1075 1081 1136 Rhe-

73 1183 144 1226 num
158 1164 312 1244 Albimque
327 1164 497 1225 nationibus
509 1165 674 1227 exercitum
688 1163 801 1225 Tiberii
814 1162 947 1225 Caesaris
966 1182 1000 1224 ea
1020 1181 1080 1224 mo·

73 1255 204 1314 nimenta
217 1252 305 1315 Marti
318 1261 349 1315 ct
362 1251 423 1314 lovi
437 1261 468 1315 et
480 1252 613 1330 Augusto
632 1254 802 1314 sacravisse.
834 1252 871 1314 de
890 1271 922 1314 se
941 1251 1015 1314 nibil
1033 1251 1081 1312 ad·

73 1341 160 1422 didit,
184 1349 266 1402 metu
283 1340 411 1402 invidiae
429 1359 467 1401 an
485 1347 568 1400 ratus
587 1341 798 1400 conscientiam
821 1340 892 1409 iacti
914 1343 986 1401 satis
1007 1357 1108 1408 essee

73 1447 141 1489 mox
160 1428 271 1489 bellum
283 1431 314 1489 in
328 1428 528 1505 Ampsivarios
542 1425 683 1488 Stertinio
702 1427 835 1506 mandat,
852 1430 885 1488 ni
902 1429 1082 1490 deditionem

71 1518 321 1594 ‚properavissent
356 1522 445 1592 atque
462 1512 506 1573 illi
524 1513 673 1591 supplices
695 1513 769 1575 nihil
792 1514 947 1575 abnuendo
969 1518 1083 1576 veniam

76 1605 209 1664 omnium
222 1619 373 1682 accepere.

143 1686 194 1750 23.
222 1689 281 1750 Sed
304 1698 414 1751 aestate
437 1692 495 1751 iam
517 1690 617 1751 adulta
638 1689 789 1770 legionum
807 1691 879 1752 aliae
899 1693 1006 1754 itinere
1024 1701 1083 1757 ter-

76 1780 167 1840 restri
184 1781 215 1839 in
233 1777 424 1840 bibemacula
442 1780 596 1860 remissae,
616 1779 717 1857 plures
736 1778 843 1840 Caesar
863 1779 951 1842 classi
974 1781 1083 1858 inposi-

75 1875 121 1928 tas
133 1885 188 1946 per
201 1867 312 1929 flumen
325 1868 465 1929 Amisiam
480 1866 597 1929 Oceano
615 1868 735 1929 invexit.
768 1886 802 1929 ac
820 1869 916 1946 primo
935 1867 1084 1946 placidum

75 1973 186 2035 aequor
203 1955 284 2017 mille
303 1958 421 2017 navium
438 1958 529 2017 remis
552 1965 685 2035 strepere
709 1966 760 2017 aut
782 1955 855 2017 velis
877 1956 992 2035 inpelli:
1015 1975 1083 2024 mox

75 2052 139 2106 atro
153 2044 278 2107 nubium
296 2044 382 2123 globo
403 2045 495 2106 eiiusa
513 2045 635 2126 grando,
653 2043 742 2107 simul
759 2047 848 2106 variis
866 2046 997 2124 undique
1017 2064 1110 2124 pro-e

75 2131 157 2193 cellis
170 2135 279 2198 incerti
293 2133 402 2196 iluctus
415 2141 607 2212 prospectum
621 2133 764 2214 adimere,
782 2135 915 2212 regimen
933 2134 1083 2215 inpedire,

74 2221 218 2299 milesque
236 2222 360 2301 pavidus
378 2231 409 2285 et
427 2240 549 2284 casuum
567 2223 658 2284 maris
677 2224 799 2300 ignarus
813 2223 885 2284 dum
897 2223 999 2284 turbat
1012 2241 1084 2283 nau-

75 2319 121 2371 tas
139 2309 185 2370 vel
203 2312 409 2389 intempestive
428 2313 521 2391 iuvat,
541 2311 638 2372 oliicia
655 2310 848 2390 prudentium
865 2310 1084 2390 corrumpebat.

76 2416 163 2459 omne
182 2398 289 2461 debinc
308 2398 422 2462 caelum
441 2407 471 2459 et
488 2417 569 2460 mare
588 2416 676 2459 omne
694 2401 726 2460 in
748 2407 882 2461 austrum
906 2401 1009 2479 cessit,
1032 2401 1085 2478 qui

76 2485 184 2548 umidis
205 2486 377 2548 Germaniae
400 2489 502 2566 terris,
525 2486 682 2565 profundis
695 2487 844 2567 amnibus,
867 2489 1012 2548 immenso
1031 2505 1083 2548 nu·
1098 2506 1125 2546 ro

75 2575 158 2637 bium
177 2583 275 2637 tractu
293 2575 406 2636 validus
424 2585 455 2636 et
472 2577 570 2652 rigore
589 2577 679 2636 vicini
700 2577 913 2654 septentrionis
934 2574 1084 2636 horridior

76 2665 176 2741 rapuit
198 2663 374 2741 disiecitque
395 2680 484 2723 naves
506 2665 538 2723 in
559 2670 665 2740 aperta,
677 2662 788 2726 Oceani
806 2671 858 2724 aut
875 2662 987 2725 insulas
1006 2665 1084 2725 saxis

77 2749 213 2827 abruptis
227 2749 273 2810 vel
287 2768 340 2828 per
354 2750 469 2812 occulta
483 2751 556 2811 vada
569 2750 699 2813 infestas.
727 2752 836 2833 quibus
849 2751 971 2831 paulum
983 2770 1083 2831 aegre·

78 2854 136 2917 que
156 2839 266 2917 vitatis,
286 2846 443 2918 postquam
460 2837 592 2901 mutabat
610 2848 709 2903 aestus
728 2841 890 2919 eodemque
905 2859 963 2920 quo
978 2848 1083 2903 ventus
1106 2901 1108 2905 .

77 2924 203 3007 ferebat,
224 2943 284 2986 non
298 2925 458 2988 adhaerere
476 2929 606 3009 ancoris,
628 2945 689 2989 non
711 2928 867 2991 exhaurire
885 2931 1084 3009 inrumpentis
1098 2946 1124 2987 aa

77 3013 172 3076 undas
189 3021 342 3092 poterant:
360 3017 439 3096 equi,
457 3016 597 3096 iumenta,
615 3018 757 3099 sarcinae,
775 3020 864 3079 etiam
877 3036 958 3081 arma
971 3021 1083 3098 praeci·

76 3104 217 3183 pitantur,
232 3121 291 3182 quo
305 3104 475 3165 levarentur
488 3103 571 3185 alvei,
588 3113 741 3167 manantes
759 3125 813 3185 per
833 3107 925 3168 latera
943 3115 973 3168 et
990 3105 1083 3167 fluctu

77 3199 302 3270 superurgente.
759 3225 760 3229 =

142 3277 194 3343 24.
213 3279 329 3350 Quanto
348 3281 503 3344 violentior
522 3289 622 3344 cetero
640 3285 715 3344 mari
729 3282 865 3345 Oceanus
883 3293 914 3344 et
934 3282 1084 3345 truculen-
1103 3342 1107 3346 A

148 3485 194 3553 22,
213 3492 230 3542 3
247 3486 434 3554 munimenta,
462 3505 510 3544 em.
529 3487 646 3557 Lipsius
670 3491 674 3558 Ι
699 3488 803 3545 bieeti
820 3489 922 3545 Aldus:
945 3488 1029 3544 lectis
1046 3492 1083 3559 16

76 3555 268 3625 Ampsivarios
287 3560 321 3626 of.
340 3560 379 3616 od
396 3559 442 3626 II,
462 3564 489 3627 8,
509 3561 564 3629 131
580 3559 662 3627 23,10
679 3557 805 3627 tumidis,
823 3575 871 3617 em.
889 3559 1040 3616 Rhenanus
