2392 3876
214 177 262 230 AB
281 174 443 232 Excussit
460 174 617 230 AUGUSTI
635 174 669 230 V.
690 182 786 247 c-11.
806 175 852 231 Vt.
873 182 895 230 1.
915 183 940 231 2.
1022 178 1084 243 169

72 333 196 405 peteret.
215 325 394 405 seripsiique
404 324 477 395 haec
487 323 619 406 Tiberio,
634 342 731 403 neque
742 342 797 385 nos
806 325 950 404 originem
960 326 1084 397 finemve

73 417 137 491 eius
151 416 196 475 rei
209 413 287 491 ultra.
301 414 508 492 comperimus.
1098 431 1125 472 eo

132 502 163 583 V,
176 501 224 572 li.
234 501 323 579 Epitu
332 501 463 575 annidiu
473 507 559 576 aucta
568 500 717 573 discordia
726 499 884 568 consulum
893 504 1001 580 erupit.
1015 521 1084 575 nam

73 591 152 678 Trio,
162 590 256 660 facilis
266 589 455 672 capessendis
464 590 628 666 inimicitiis
638 598 668 650 et
676 589 740 651 loro
751 591 909 671 exercitus,
919 598 953 651 ut
963 608 1084 670 segnem

72 678 216 760 Regulum
232 679 268 753 ad
283 679 492 759 opprimendos
502 677 603 743 Seiani
610 679 763 740 ministros
773 677 892 758 oblique
902 681 1083 758 perstrinxe-

72 778 131 831 rat:
144 768 203 850 ille,
217 770 276 845 nisi
284 767 489 847 lacesseretur,
503 767 664 828 modestiae
674 768 816 849 retinens,
826 767 1083 828 noumodorettu·

72 859 116 919 dit
123 857 274 939 collegam,
282 856 334 918 sed
342 863 375 918 ut
382 857 504 924 nonium
511 856 722 917 coniurationis
732 854 768 917 ad
778 855 1016 940 disquisitionem
1026 863 1083 916 tra·
1097 872 1111 914 s

72 945 169 1017 hebai·
188 944 349 1024 multisque
358 951 478 1022 patrum
486 943 639 1006 orantibus
648 951 794 1025 ponerent
804 943 870 1005 odia
879 946 911 1005 in
920 946 1084 1023 perniciem

72 1037 160 1115 itura,
170 1050 306 1103 mansere
316 1033 425 1105 lulensi
435 1049 468 1093 ac
478 1033 659 1114 minitantes,
669 1032 764 1094 donec
773 1035 948 1112 magistratu
959 1031 1083 1094 abirent.

140 1119 186 1202 VI,
208 1120 236 1182 1.
259 1120 310 1182 Cn.
331 1119 478 1185 Domitius
500 1127 531 1180 et
551 1119 689 1182 Camillus
714 1119 926 1183 Scribonianus
949 1121 1084 1182 consula·

72 1221 137 1286 tum
159 1212 299 1290 inierant,
325 1227 394 1275 cum
412 1207 520 1270 Caesar
543 1211 680 1279 tramisso
705 1207 782 1289 quod
807 1209 934 1288 Capreas
957 1216 988 1270 et
1012 1209 1082 1270 Sur-

73 1305 193 1368 rentum
207 1297 342 1373 interluit
356 1297 432 1367 freto
447 1296 635 1378 Campaniam
652 1295 853 1379 praelegebat,
872 1296 1028 1376 ambiguus
1047 1316 1084 1358 an

74 1387 180 1459 urbem
193 1389 332 1467 intraret,
350 1403 418 1466 seu,
438 1386 507 1464 quia
521 1391 624 1445 contra
643 1382 854 1465 destinaverat,
873 1387 1003 1463 speciem
1016 1403 1084 1448 von-

74 1477 136 1535 turi
150 1473 300 1551 simuletis·
328 1480 359 1533 et
371 1490 459 1551 saepe
474 1474 506 1534 in
519 1474 686 1555 propinqua
703 1472 876 1552 degressus,
898 1473 985 1533 aditis
1003 1474 1113 1534 iuxtas

75 1561 206 1638 Tiberim
229 1561 337 1641 bortis,
361 1578 430 1622 saxa
452 1578 574 1629 rursum
592 1567 622 1621 et
641 1559 831 1621 solitudinem
848 1561 939 1621 maris
957 1562 1086 1640 repetiit,

74 1651 189 1730 pudore
208 1648 355 1724 scelerum
374 1657 404 1712 et
421 1647 591 1731 libidinum,
614 1647 722 1728 quibus
742 1648 814 1709 adeo
833 1648 985 1725 indomitis
1005 1662 1086 1711 exar-

75 1748 163 1820 serat,
177 1749 210 1800 ut
225 1755 307 1799 more
321 1740 403 1816 regio
417 1735 528 1818 pubem
542 1739 701 1815 iugenuam
715 1738 827 1816 stupris
841 1736 998 1819 pollueret.
1029 1754 1086 1798 nec

74 1828 200 1906 formam
213 1833 329 1901 tantum
343 1834 378 1901 et
387 1825 494 1889 decora
512 1843 649 1907 corpora,
669 1833 715 1888 set
732 1827 764 1895 in
777 1824 825 1887 his
838 1826 1001 1899 modestam
1015 1844 1087 1905 pue·

74 1918 186 1997 ritiam,
213 1918 245 1977 in
268 1915 334 1991 aliis
356 1916 499 1994 imagines
522 1911 667 1976 maiorum
690 1916 915 1977 incitamentum
938 1915 1086 1993 cupidinis
1100 1933 1128 1972 1o

74 2004 209 2079 habebat.
251 2010 382 2083 tuncque
406 2005 537 2086 primum
562 2004 663 2082 ignota
686 2010 773 2075 antea
797 2001 939 2064 vocabula
968 2012 1087 2084 reperta

59 2101 146 2161 ‚sunt
160 2091 344 2164 sellariorum
360 2099 390 2153 et
404 2086 596 2172 spintriarum
611 2111 647 2164 ou
661 2091 800 2161 foeditate
813 2091 873 2154 loci
886 2110 920 2152 ac
929 2090 1087 2170 multiplici

74 2184 229 2262 patientia3
243 2181 464 2263 praepositique
478 2182 565 2262 ser-vi,
580 2182 632 2260 qui
648 2182 861 2267 conquirerent
869 2180 1086 2262 pertraherent,

75 2271 152 2342 dona
166 2272 196 2346 in
215 2277 382 2351 promptos,
399 2266 495 2339 minas
514 2266 671 2340 aduersum
688 2268 866 2350 abnuentes,
885 2276 916 2330 et
934 2271 960 2330 si
978 2271 1086 2343 retine·

75 2365 143 2420 rent
163 2358 349 2439 propinquus
370 2359 422 2418 aut
441 2374 561 2437 parens,
584 2359 644 2418 vim
667 2365 771 2439 raptus
795 2375 908 2438 suaque
927 2358 985 2436 ipsi
1003 2356 1128 2429 libitam

75 2446 157 2523 velut
169 2447 201 2525 ip
215 2445 318 2524 oapt'os
333 2445 520 2521 exercebant.
557 2438 560 2443 ’

143 2531 173 2614 2.
197 2534 234 2605 rit
257 2533 366 2610 iiomae
388 2534 536 2614 principio
559 2533 641 2612 anni,
664 2534 751 2612 quasi
772 2549 878 2594 recens
897 2533 1023 2610 cognitis
1040 2531 1087 2592 Li-

38 2684 63 2713 !
75 2625 140 2683 viae
153 2621 273 2701 flagitiis
288 2639 321 2691 ac
335 2619 399 2696 non
409 2620 526 2699 pridem
540 2621 628 2680 etiam
641 2621 769 2700 punitis,
790 2627 905 2683 atroces
924 2621 1088 2681 sententiae

78 2709 266 2789 dicebantur,
288 2711 320 2767 in
344 2702 457 2786 efligies
476 2725 594 2786 quoquc
613 2725 647 2767 ac
666 2709 838 2769 memoriam
857 2709 934 2789 eius,
959 2715 989 2770 et
1011 2708 1088 2770 bona

78 2797 178 2875 Seiani
195 2795 290 2863 ablata
308 2798 422 2867 aerario
441 2804 474 2857 ut
492 2797 524 2856 in
542 2796 647 2861 fiscum
666 2803 856 2878 cogerentur,
874 2803 1024 2876 tamquam
1042 2815 1087 2858 re·

77 2888 178 2946 terret.
217 2884 371 2964 Scipiones
393 2883 466 2945 haec
491 2892 521 2945 et
539 2882 631 2947 Silani
650 2890 681 2945 et
697 2882 791 2957 Cassii
813 2884 906 2947 isdem
925 2886 1019 2948 terme
1036 2894 1088 2948 aut
1115 2901 1129 2942 s

76 2973 198 3055 paulum
225 2974 379 3048 inmutatis
410 2972 508 3035 verbis
544 2973 765 3056 adseveratione
796 2972 888 3034 multa
918 2974 1088 3054 censebant,

76 3081 146 3125 cnm
156 3070 279 3142 repente
289 3061 439 3141 Togonius
449 3061 558 3143 Gallus,
572 3061 643 3122 dum
657 3060 871 3141 ignobilitatem
881 3082 964 3124 suam
975 3064 1088 3139 magnis

76 3151 247 3230 nominibus
266 3154 385 3232 inserit,
404 3150 669 3233 perderidiculum
684 3151 811 3225 auditur.
839 3169 909 3212 uam
922 3152 1088 3231 prinoipem

77 3239 181 3301 orabat
195 3240 324 3320 deligere
339 3248 504 3320 senatores,
519 3258 555 3300 ex
571 3241 638 3319 quis
654 3240 760 3318 viginti
773 3247 853 3308 sorte
868 3239 951 3305 ducti
965 3246 994 3303 et
1008 3238 1087 3302 ferro

149 3375 211 3445 1‚s
237 3372 379 3444 digressus
406 3375 581 3441 Beroaldus!
598 3379 631 3434 12
653 3391 680 3442 p.
708 3372 871 3438 ainbrierum
897 3369 1090 3442 (psintfiarum

76 3445 238 3514 Ddderleofn)
255 3451 259 3512 i
276 3451 308 3500 ta
328 3443 378 3513 qui
396 3443 592 3514 conquirerent
608 3443 770 3510 Do'cierlea'nc
791 3441 954 3512 quirerenbi
972 3449 1005 3497 14
1022 3441 1089 3497 rebi-

76 3517 196 3571 nuerent
214 3513 400 3587 (retinuerant
417 3515 519 3584 Ritter)
536 3519 540 3584 1
557 3513 584 3584 2,
602 3520 619 3568 4
637 3515 782 3582 tamquam
800 3513 927 3583 Lipsius:
946 3513 1005 3570 bam
