2392 3876
272 171 320 227 AB
339 171 501 228 EXGESSU
517 171 674 229 AUGUSTI
691 172 749 229 XV.
769 178 848 228 4-8.
1005 173 1070 237 321

59 324 258 407 Cappadocia,
285 325 393 404 raptim
421 323 530 384 erectis
557 325 699 403 tuguriis,
728 341 816 404 quam
838 324 870 384 in
893 323 963 384 sede
986 325 1071 402 regni

60 415 148 475 modo
166 409 298 475 retenti?
325 412 414 473 dilata
432 429 556 492 prorsus
574 430 668 492 arma,
691 419 725 474 ut
742 411 900 490 Vologeses
923 430 992 473 cum
1015 411 1071 472 alio

61 521 150 583 quam
164 520 233 563 cum
247 500 414 562 Corbulone
433 507 575 581 certaret,
596 499 726 561 Corbulo
744 502 868 561 meritae
888 507 932 562 tot
948 518 1004 580 per
1022 517 1071 560 an-

61 609 115 653 nos
129 591 240 671 gloriae
254 607 314 650 non
327 589 405 650 ultra
419 588 586 669 periculum
601 589 720 651 laceret.
744 606 820 670 uam,
835 596 869 651 ut
878 589 989 670 rettuli,
1003 606 1070 669 pro·
1086 601 1115 640 10

60 682 160 760 prium
185 679 291 740 ducem
313 677 441 740 tuendae
464 678 619 739 Armeniae
644 685 834 759 poposcerat,
862 684 893 740 et
914 677 1072 738 adventare

60 770 242 831 Caesennius
256 767 365 829 Paetus
379 765 562 827 audiebatur.
590 768 707 847 iamque
726 767 840 848 aderat,
859 767 953 847 copiis
970 768 1012 827 lta
1030 765 1073 827 di·

60 860 145 940 visis,
168 864 203 919 ut
221 863 326 935 quarta
345 861 376 917 ct
393 854 577 917 duodecuma
595 855 727 934 legiones
745 855 843 917 addita
862 858 978 937 quinta,
997 871 1072 934 quae

61 962 198 1008 recense
212 943 321 1004 Moesis
335 945 431 1003 excita
444 950 521 1024 erat,
535 944 624 1005 simul
638 944 806 1007 Pontiea‘et
818 944 986 1006 Galatarum
1001 943 1073 1024 Cap-

61 1034 267 1114 padocumque
285 1031 392 1094 auxilia
405 1031 495 1093 Paeto
513 1031 701 1113 oboedirent,
718 1036 805 1095 tertia
825 1041 856 1094 et
874 1041 957 1094 sexta
975 1040 1006 1095 ct
1024 1033 1114 1094 de-1⁶

62 1141 148 1184 cuma
166 1122 298 1200 legiones
315 1123 457 1200 priorque
477 1119 581 1181 Suriae
599 1121 684 1182 miles
702 1123 780 1201 apud
799 1120 998 1183 Corbulonem
1015 1140 1074 1182 ma·

62 1218 181 1293 nerent3
195 1217 294 1271 cetera
308 1228 343 1269 ex
358 1227 460 1270 rerum
472 1227 531 1272 usu
545 1211 694 1271 sociarent
705 1212 934 1290 partirenturve.
957 1210 1009 1271 sed
1024 1227 1074 1271 ne·
1172 1264 1175 1269 .

64 1319 121 1381 que
136 1297 266 1361 Corbulo
280 1297 389 1359 aemuli
402 1301 531 1379 patiens,
550 1306 581 1360 ct
599 1297 721 1379 Paetus,
739 1300 788 1360 cui
806 1301 878 1360 satis
896 1299 932 1359 ad
951 1299 1073 1377 gloriam

63 1397 140 1470 erat,
159 1390 186 1449 si
203 1389 357 1468 proximus
375 1385 549 1468 haberetur,
568 1386 749 1466 despiciebat
767 1394 863 1467 gesta,
883 1386 958 1446 nihil
975 1386 1073 1448 caedis

62 1485 115 1540 aut
132 1477 271 1557 praedae,
289 1484 448 1555 usurpatas
466 1477 585 1536 nomine
604 1483 693 1536 tenus
705 1474 826 1536 urbium
841 1476 1074 1554 expugnationes
1089 1486 1116 1525 2⁰

63 1567 215 1628 dictitans:
234 1582 266 1625 se
284 1563 397 1625 tributa
415 1581 449 1625 ac
466 1564 548 1642 leges
566 1571 597 1626 et
614 1582 669 1643 pro
687 1563 793 1625 umbra
811 1566 891 1642 regis
909 1563 1074 1624 Romanum
1179 1571 1183 1577 '

63 1659 111 1716 ius
124 1656 210 1715 victis
224 1655 441 1733 impositurum.

132 1741 161 1804 i.
185 1741 247 1803 Sub
270 1741 349 1802 idem
371 1749 490 1820 tempus
512 1741 601 1820 legati
619 1741 783 1822 Vologesis,
807 1760 882 1822 quos
905 1740 942 1803 ed
964 1743 1074 1821 princi-

64 1851 132 1912 pem
146 1833 253 1892 missos
271 1832 445 1910 memorari,
464 1839 615 1892 revertere
632 1832 717 1892 inriti
735 1830 904 1909 bellumque
923 1830 1074 1909 propalam
1111 1892 1115 1899 ,

65 1928 216 2000 sumptum
234 1917 390 1981 aParthis.
422 1937 478 1979 nec
496 1918 605 1980 Paetus
623 1920 810 1998 detrectavit,
829 1920 882 1980 sed
901 1918 1016 1980 duabus
1034 1918 1073 1979 le-

64 2009 211 2090 gionibus,
226 2026 352 2088 quarum
361 2015 495 2086 quartam
505 2006 704 2070 Funisulanus
713 2007 907 2069 Vettonianus
916 2025 952 2068 eo
961 2008 991 2068 in
1001 2015 1074 2068 tem-

64 2116 146 2181 pore,
160 2097 375 2160 duodecumam
389 2095 524 2158 Calarius
538 2095 666 2159 Sabinus
679 2096 834 2177 regebant,
848 2096 1017 2157 Armeniam
1031 2098 1073 2158 in·
1088 2107 1101 2147 ⁵

64 2195 125 2249 trat
138 2189 218 2249 tristi
232 2187 339 2247 omine.
366 2203 434 2247 nam
447 2187 479 2246 in
493 2192 682 2265 transgressu
696 2185 866 2266 Euphratis,
880 2204 970 2266 quem
983 2192 1073 2265 ponte

64 2274 281 2355 tramittebant,
294 2273 375 2336 nulla
388 2273 484 2354 palam
498 2292 586 2336 causa
600 2275 738 2336 turbatus
752 2292 861 2356 equus,
875 2277 927 2354 qui
941 2274 1074 2335 consula·

65 2367 109 2425 ria
127 2363 254 2441 insignia
272 2362 418 2444 gestabat,
437 2371 519 2424 retro
537 2365 638 2455 evasit.
675 2361 843 2444 hostiaque,
867 2381 942 2442 quae
960 2365 1074 2424 munic-

64 2452 186 2532 bautur,
205 2450 405 2513 hibernaculis
424 2451 570 2512 adsistens
588 2451 738 2512 semifacta
752 2469 842 2530 opera
856 2452 924 2529 luga
938 2452 1075 2530 perrupit

65 2558 157 2619 seque
180 2537 255 2599 vallo
277 2538 391 2600 extulit
428 2545 460 2601 et
480 2538 539 2619 pila
561 2538 688 2599 militurn
712 2556 825 2621 arsere,
848 2541 941 2616 magis
964 2540 1115 2617 insignio

64 2628 213 2708 prodigio,
228 2628 297 2706 quia
310 2625 438 2688 Parthus
451 2625 547 2688 hostis
561 2625 723 2687 missilibus
737 2626 804 2688 telis
818 2627 958 2688 decertat.

132 2715 161 2779 8.
181 2715 320 2777 Ceterum
334 2714 442 2777 Paetus
455 2717 565 2795 spretis
578 2714 736 2796 ominibus,
750 2714 878 2776 necdum
892 2716 964 2776 satis
977 2716 1074 2776 firma·

64 2807 104 2867 tls
117 2802 332 2884 hibernaculis,
351 2803 432 2865 nullo
450 2806 495 2865 rei
513 2804 722 2866 frumentariae
741 2806 876 2886 provisu,
893 2806 972 2884 rapit
990 2823 1073 2866 exer-

65 2895 158 2955 citum
172 2903 255 2954 trans
269 2900 400 2953 montem
413 2893 545 2954 'laurum
559 2893 775 2974 reciperandis,
789 2901 823 2954 ut
836 2892 959 2975 terebat,
973 2893 1073 2972 Tigra-

64 2985 197 3044 nocertis
212 2981 418 3061 vastandisque
431 2982 612 3061 regionibus,
627 2999 700 3062 quas
713 2981 842 3043 Corbulo
857 2983 988 3061 integras
1002 2985 1073 3043 omi-

64 3073 161 3133 sisset.
189 3079 220 3132 ct
233 3077 318 3149 capta
333 3071 476 3150 quaedam
490 3070 619 3154 castella,
631 3071 801 3150 gloriaeque
817 3078 848 3133 et
862 3071 987 3150 praedae
1001 3088 1072 3131 non·
1087 3080 1102 3122 δ

63 3160 138 3222 nibil
152 3167 279 3239 partum,
295 3161 320 3219 si
334 3167 385 3221 aut
397 3160 521 3238 gloriam
535 3178 604 3221 curn
617 3159 704 3221 modo
714 3160 914 3239 autpraedam
924 3177 991 3220 cum
1002 3176 1074 3220 cura
1147 3161 1154 3170 '

64 3249 224 3310 habuisset.
261 3247 430 3327 longinquis
452 3248 611 3310 itineribus
629 3248 832 3329 percursando
851 3265 927 3327 quae
945 3247 1076 3308 obtineri

137 3453 162 3522 i,
182 3462 198 3510 ti
216 3453 346 3510 tristioris
362 3497 367 3510 .
381 3470 449 3510 nem
464 3456 469 3524 Ι
484 3460 501 3512 'l
525 3455 704 3510 immittebat
720 3456 757 3510 ol.
773 3455 778 3526 Ι
794 3459 811 3509 8
829 3453 978 3522 hostisque
1000 3466 1074 3522 qua-e

66 3523 247 3582 Puteolanum
266 3525 341 3580 ostia
359 3541 486 3595 quaeque
501 3527 507 3596 Ι
523 3526 550 3595 8,
570 3535 583 3582 1
602 3525 763 3581 hominibus
782 3531 799 3581 1
817 3542 852 3581 m.

116 3621 222 3664 ‘raom
234 3624 310 3666 PARS
324 3625 344 3665 1.
823 3620 857 3669 Ἡ
