2392 3876
248 645 569 731 CORNELII
606 647 832 732 ΤΑΟΙΤΙ

284 802 331 870 ΑΒ
354 801 521 872 EXOESSU
543 801 624 872 bill
646 801 802 874 AUGUSTI
825 903 829 911 .

441 957 549 1012 crasa
566 958 637 1013 xru.

105 1106 132 1170 1.
156 1108 226 1167 Gaio
246 1106 385 1185 Vipstano
411 1107 440 1166 0.
460 1105 581 1166 Fonteio
604 1106 776 1168 consulibus
797 1108 848 1170 diu
872 1110 1046 1171 meditatum

36 1197 135 1258 scelus
154 1215 213 1256 non
232 1195 309 1256 ultra
328 1193 406 1254 Nero
426 1193 553 1274 distulit,
573 1201 718 1256 vetustate
737 1198 854 1277 imperii
873 1198 978 1259 coalita
996 1218 1046 1259 au·

35 1287 118 1347 dacia
138 1293 167 1346 et
186 1285 356 1363 flagrantior
374 1285 405 1342 in
424 1283 487 1342 dies
506 1301 605 1343 amore
624 1283 789 1366 Poppaeae,
813 1305 888 1365 quac
912 1281 968 1346 sibi
987 1306 1045 1347 ma-

34 1376 208 1437 trimonium
232 1381 263 1433 et
285 1371 442 1433 discidium
463 1370 600 1433 Octaviae
622 1371 764 1433 incolumi
785 1374 944 1454 Agrippina
967 1375 1045 1435 haud

36 1481 160 1544 sperans
184 1460 299 1522 crebris
318 1460 587 1542 criminationibus,
616 1459 771 1543 aliqnando
790 1480 845 1540 per
863 1463 982 1523 facetias
1002 1465 1072 1522 ins

36 1559 155 1615 cusaret
169 1552 335 1629 principem
349 1557 379 1609 et
392 1549 537 1627 pupillum
553 1557 683 1630 vocaret,
703 1553 755 1628 qui
773 1553 862 1611 iussis
876 1551 980 1612 alienis
994 1551 1045 1612 ob-

36 1643 144 1702 noxius
158 1657 216 1699 non
232 1637 318 1699 modo
333 1639 463 1718 imperii,
482 1638 533 1698 sed
548 1636 693 1698 libertatis
708 1640 796 1699 etiam
810 1639 964 1719 indigeret.
992 1659 1046 1700 cur

38 1731 119 1790 enirn
147 1727 259 1787 diiierri
285 1728 403 1806 nuptias
432 1723 521 1787 suas?
549 1727 673 1787 lormam
700 1727 814 1788 scilicet
837 1727 993 1807 displicere
1017 1735 1047 1789 ct

37 1815 232 1894 triumphales
247 1833 323 1895 auos,
338 1833 374 1875 an
389 1813 600 1875 fecunditatem
615 1822 645 1874 et
658 1833 761 1879 rerum
776 1813 928 1877 animum?
948 1818 1048 1876 timori

38 1926 76 1968 nc
91 1922 166 1966 uxor
181 1903 283 1963 saltem
297 1905 420 1965 iniurias
434 1911 565 1984 patrum,
584 1905 658 1964 iram
672 1904 775 1983 populi
789 1904 929 1966 adversus
944 1923 1045 1984 super·
1061 1921 1087 1960 ro

37 1995 116 2057 biam
136 1994 346 2072 avaritiamque
364 1995 467 2063 matris
482 1994 601 2071 aperiat.
630 1992 708 2072 quod
723 1994 749 2053 si
763 2011 871 2054 nurum
886 1994 1048 2073 Agrippina

37 2103 98 2146 non
116 2084 175 2143 nisi
193 2081 253 2141 filio
268 2081 405 2140 inlcstam
420 2081 497 2140 ferre
517 2088 630 2160 posset,
649 2081 825 2143 redderetur
844 2083 907 2162 ipsa
921 2081 1047 2143 Othonis

36 2173 190 2250 coniugio:
204 2172 313 2230 ituram
327 2187 447 2248 quoquo
461 2175 621 2249 terrarum,
636 2169 688 2231 ubi
702 2170 817 2231 audiret
830 2173 930 2249 potius
944 2156 1048 2232 conlu-

37 2261 141 2323 melias
155 2259 342 2337 imperatoris
357 2275 445 2336 quarn
460 2259 569 2318 viseret
582 2257 723 2336 periculis
738 2259 803 2319 eius
817 2261 946 2320 inmixta.
975 2259 1047 2320 haec

37 2359 128 2430 atquc
147 2347 215 2409 talia
233 2347 363 2407 lacrimis
382 2354 412 2406 et
430 2353 493 2406 arte
512 2344 662 2427 adulterae
680 2349 864 2425 penetrantia
880 2366 966 2408 nemo
981 2366 1047 2427 pro·
1062 2362 1088 2403 15
1140 2341 1144 2346 ’

37 2437 166 2517 bibebat,
181 2435 369 2515 cupientibus
384 2436 500 2496 cunctis
514 2435 635 2512 iniringi
649 2437 810 2513 potentiam
824 2438 927 2495 matris
942 2443 971 2495 et
985 2430 1048 2495 cre·

38 2528 127 2588 dente
142 2524 222 2586 nullo
237 2522 382 2602 usquead
398 2522 518 2584 caedem
532 2524 596 2583 eius
611 2522 752 2583 duratura
766 2522 820 2582 filii
833 2524 908 2583 odia.

106 2613 135 2676 2.
154 2612 258 2674 Tradit
276 2611 396 2673 Cluvius
416 2611 522 2672 ardore
543 2610 715 2671 retinendae
735 2612 925 2689 Agrippinam
945 2618 1048 2690 poten·

38 2706 96 2765 tiae
116 2721 151 2764 eo
170 2719 265 2781 usque
284 2708 466 2780 provectam,
490 2706 523 2760 ut
546 2699 642 2760 medio
667 2698 738 2779 diei,
762 2717 830 2759 curn
853 2698 882 2760 id
907 2701 1048 2778 temporis

38 2791 117 2853 Nero
139 2809 191 2870 per
213 2784 314 2851 vinum
336 2797 366 2851 et
386 2788 488 2868 epulas
509 2787 715 2868 incalesceret,
736 2787 856 2849 ollerret
878 2806 909 2870 sc
931 2788 1048 2867 saepius

38 2879 201 2942 temulento
213 2886 360 2957 comptam
370 2885 400 2938 et
409 2880 522 2937 incesto
533 2885 672 2955 paratam.
695 2878 812 2956 iamque
827 2877 934 2938 lasciva
949 2876 1049 2938 oscula

38 2977 69 3030 ot
88 2969 280 3049 praenuntias
298 2965 401 3046 flagitii
419 2965 576 3026 blanditias
594 2964 803 3026 adnotantibus
822 2967 977 3046 proximis,
998 2964 1076 3026 Sos

38 3074 143 3120 necem
161 3063 263 3118 contra
282 3053 442 3115 muliebres
460 3052 624 3114 inlecebras
644 3053 809 3114 subsidium
824 3069 840 3116 a
853 3055 962 3115 lemine
976 3055 1049 3132 peti·

40 3149 131 3229 visse,
151 3148 362 3225 inmissamque
377 3144 468 3227 Acten
483 3141 632 3224 libertam,
652 3160 727 3224 quae
747 3141 835 3204 simul
849 3160 902 3204 suo
916 3140 1050 3222 periculo

66 3343 71 3352 ’
112 3335 139 3404 1,
155 3341 169 3390 1
184 3334 322 3405 Vipstano
342 3332 469 3389 Ursinus:
489 3330 606 3402 uipseno
622 3333 628 3402 Ι
644 3330 672 3390 0.
688 3333 751 3388 odd.
766 3330 857 3387 Recta
872 3333 877 3400 Ι
893 3335 908 3386 5
923 3328 1051 3383 incusare

40 3450 65 3463 ..
78 3422 177 3491 vocare
187 3407 301 3530 Iopoiuo
309 3408 325 3490 [
339 3411 371 3461 12
382 3403 544 3459 redderetur
552 3405 712 3460 Acidaliae:
727 3402 853 3458 redditur
868 3404 873 3473 i
889 3402 915 3470 2,
926 3407 942 3457 3
953 3399 1051 3457 offerre

39 3493 152 3549 saepius
168 3479 206 3550 15
244 3480 349 3548 agrius,
368 3495 416 3534 cm.
435 3476 584 3533 Rhenanus
