2408 3870
99 165 164 230 266
446 162 615 219 CORNELII
631 161 751 218 TACITI

167 311 217 376 29.
246 313 330 375 Varie
354 313 453 375 habita
476 332 510 374 ac
530 330 617 390 saepe
635 320 747 374 mutata
767 314 831 373 eius
849 313 895 372 rei
913 312 1019 375 iorma.
1052 333 1121 376 nam

99 405 251 481 Augustus
275 405 391 464 senatui
411 403 547 482 permisit
567 401 697 480 deligere
720 401 898 481 praelectas3
921 401 1035 463 deinde
1061 422 1122 465 am·

100 492 164 553 bitu
179 492 387 570 suliragiorum
397 498 545 570 suspecto,
560 497 640 550 sorte
652 489 837 551 ducebantur
847 507 882 550 ex
892 506 1022 550 numero
1033 509 1121 570 prae·

100 588 198 641 torum
213 583 265 660 qui
279 578 458 660 praeessent.
487 596 584 658 neque
606 578 637 640 id
651 578 702 639 diu
716 580 837 659 mansit,
856 578 925 657 quia
943 595 1013 640 sors
1034 580 1121 642 deer-

74 670 184 731 ⁶rahat
202 669 239 731 ad
257 686 362 747 parum
380 669 511 729 idoneos.
544 674 615 728 tunc
634 666 774 728 Claudius
797 674 972 746 quaestores
991 686 1121 731 rursum

101 761 256 838 imposuit,
279 759 389 837 iisque,
413 774 450 817 ne
470 763 553 818 metu
568 755 763 817 offensionum
777 757 897 834 segnius
911 757 1121 840 consulerent,

102 857 184 909 extra
208 847 342 907 ordinem
364 845 492 905 honores
515 846 663 924 promisit:
692 844 744 906 sed
767 844 869 905 deerat
891 843 986 906 robur
1011 851 1121 910 aetatis

102 938 308 1015 cumprimum
318 935 523 1012 magistratum
533 931 765 1013 capessentibus.
782 935 875 1011 igitur
883 931 962 993 Nero
972 945 1120 1012 praetura

101 1025 275 1103 perfunctos
289 1030 320 1083 et
334 1024 515 1101 experientia
529 1022 669 1102 probatos
683 1021 799 1101 delegit.

167 1110 218 1174 30.
232 1111 392 1173 Damnatus
406 1112 500 1173 isdem
515 1110 687 1172 oonsulibus
698 1110 855 1190 Vipsanius
868 1110 983 1172 Laenas
998 1113 1041 1175 oh
1053 1115 1120 1176 Sar·

102 1203 211 1262 diniam
229 1203 411 1280 proviaciam
429 1218 515 1261 arare
533 1200 670 1261 habitam.
703 1198 857 1263 absolutus
870 1199 989 1260 Cestius
1005 1200 1121 1265 Procu-

101 1291 147 1351 lus
170 1289 414 1371 repetundarum,
436 1288 628 1351 Cretensibus
646 1288 864 1350 accusantibus.
902 1287 1028 1351 Clodius
1049 1292 1120 1363 eri·

102 1379 217 1459 rinalis,
233 1379 310 1457 quod
325 1378 494 1457 praelectus
507 1379 666 1459 remigum,
688 1380 739 1456 qui
753 1377 908 1438 Ravennae
920 1375 1121 1463 haberentur,

75 1468 181 1529 oretur
199 1468 330 1527 infimam
348 1469 501 1528 nationum
518 1466 631 1527 ltaliam
648 1465 766 1527 luxuria
785 1467 965 1544 saevitiaque
984 1468 1121 1532 adflicta·

103 1559 204 1636 risset,
230 1575 340 1616 veneno
364 1556 581 1617 damnationem
599 1557 711 1616 anteiit.
753 1554 893 1615 Caninius
916 1552 1060 1639 Rebilus,
1085 1578 1121 1620 ex

101 1644 282 1724 primoribus
297 1647 403 1722 peritia
418 1644 516 1723 legum
530 1653 559 1706 et
574 1646 717 1723 pecuniae
731 1642 941 1725 magnitudine,
962 1649 1122 1710 cruciatus

102 1752 206 1813 aegrae
221 1741 358 1794 senectae
373 1735 481 1793 emisso
496 1751 550 1811 per
563 1750 652 1794 venas
667 1733 810 1809 sanguine
824 1732 934 1812 effugit,
956 1731 1041 1796 haud
1057 1755 1121 1798 cre·

102 1823 181 1884 ditus
196 1823 333 1884 sulficere
348 1822 384 1882 ad
399 1823 593 1882 constantiam
608 1821 768 1882 sumendae
782 1821 901 1901 mortis,
919 1819 959 1880 oh
974 1820 1121 1887 libidines

64 1928 88 1966 ro
101 1911 286 1973 muliebriter
304 1910 429 1971 infamis.
462 1917 491 1971 at
509 1909 541 1970 b.
560 1909 697 1970 Volusius
720 1910 839 1988 egregia
861 1909 936 1969 lama
956 1917 1121 1996 concessit,

102 2003 151 2061 cui
174 2008 236 2061 tres
259 2006 289 2059 et
312 2000 470 2076 nonaginta
493 1999 562 2058 anni
585 2000 713 2076 spatium
736 1997 854 2058 vivendi
875 2001 1121 2082 praecipuaeque

102 2106 173 2167 opes
187 2088 273 2147 bonis
288 2085 402 2146 artibus
416 2084 559 2146 inoffensa
573 2093 617 2145 tot
631 2087 843 2166 imperatorum
856 2085 967 2146 malitia
981 2087 1120 2154 luerunt.

168 2173 220 2237 31.
244 2174 361 2235 Nerone
375 2176 484 2234 iterum
498 2173 530 2234 b.
544 2173 651 2236 Pisone
667 2173 839 2236 consulibus
858 2192 952 2254 pauca
971 2184 1119 2241 memoria

102 2266 190 2343 digna
203 2281 337 2342 evenere,
359 2264 417 2323 nisi
431 2262 583 2324 cuilibeat
597 2263 750 2325 laudandis
765 2263 964 2324 fundamentis
979 2272 1010 2327 et
1025 2268 1120 2330 trahi·

101 2353 171 2434 bus,
193 2355 259 2432 quis
278 2350 384 2412 molem
402 2351 612 2431 amphitheatri
630 2352 708 2431 apud
727 2370 864 2430 campum
881 2351 986 2415 Martis
1005 2354 1120 2419 Caesar

102 2448 281 2522 extruxerat,
305 2440 453 2502 volumina
472 2441 608 2521 implere,
631 2460 700 2501 cum
724 2459 760 2501 ex
779 2440 921 2520 dignitate
939 2442 1046 2521 populi
1061 2445 1119 2506 Ro·

72 2546 87 2588 e
101 2534 181 2594 mani
194 2539 347 2610 repertum
362 2531 401 2591 sit
414 2547 463 2591 res
478 2530 619 2591 inlustres
632 2529 795 2610 annalibus,
813 2528 883 2591 talia
896 2529 1015 2591 diurnis
1030 2534 1125 2596 urbis·

101 2623 175 2683 actis
189 2621 337 2682 mandare.
366 2626 498 2681 ceterum
519 2619 650 2680 coloniae
665 2618 764 2696 Capua
782 2626 871 2698 atque
885 2617 1015 2680 Nuceria
1034 2621 1119 2685 addi·

101 2712 139 2771 tis
154 2711 301 2770 veteranis
315 2709 447 2769 firmatae
462 2715 541 2789 sunt,
555 2706 711 2787 plebeique
723 2708 905 2786 congiarium
915 2706 1119 2790 quadringeni

101 2799 214 2859 nummi
228 2798 337 2857 viritim
352 2796 420 2877 dati,
435 2803 465 2857 et
478 2798 649 2857 sestertium
663 2796 925 2874 quadringentiens
939 2799 1058 2860 aerario
1072 2801 1118 2860 in·

101 2886 192 2947 latum
207 2893 252 2946 est
267 2885 302 2945 ad
317 2885 501 2946 retinendam
516 2884 618 2964 populi
631 2884 727 2945 fidem.
753 2882 878 2962 vectigal
892 2901 1011 2964 quoque
1029 2890 1118 2966 quin·

147 3081 217 3159 se,
239 3097 254 3147 1
277 3091 442 3160 imitatatio
463 3093 524 3144 tum
546 3091 706 3161 Nipperdey
721 3092 759 3160 18
782 3089 914 3160 praetura
937 3088 1117 3149 Vertraaiae:

100 3163 276 3236 praefectura
292 3166 295 3222 Ι
312 3163 358 3227 30,
376 3168 392 3216 2
413 3161 522 3216 Cestius
541 3160 703 3216 Rhenanus:
728 3162 819 3216 cestus
838 3158 964 3226 (Caesius
982 3160 1088 3232 Ritter)
1110 3163 1115 3236 1

101 3244 117 3291 3
138 3233 316 3291 Cretensibus
335 3233 507 3302 Nipperdey:
531 3229 709 3285 credentibus
734 3233 739 3300 Ι
763 3237 781 3286 4
803 3229 941 3286 habentur
959 3230 1053 3288 Ritter
1072 3235 1078 3300 Ι
1100 3241 1117 3290 θ

101 3306 281 3362 damnatione
301 3309 317 3358 1
331 3320 365 3358 nr.
382 3305 387 3371 Ι
403 3299 536 3356 Caninius
554 3300 671 3355 Rebilus
687 3299 817 3383 Lipsius:
832 3299 864 3357 C.
874 3300 1002 3355 Aminios
1016 3303 1116 3359 rebius

103 3377 107 3448 Ι
128 3385 144 3433 8
163 3375 265 3431 emisso
284 3373 430 3430 Heinsius:
449 3370 535 3426 misso
552 3371 556 3442 Ι
575 3378 606 3426 12
627 3370 752 3426 amicitae
765 3371 882 3442 Lipsius
896 3372 902 3441 Ι
917 3370 1032 3426 luerunt
1050 3391 1115 3431 aaa:

100 3448 155 3502 fuit
182 3465 215 3503 ere
242 3444 439 3500 assimilatione
465 3459 525 3499 eam
552 3440 663 3497 malitie
687 3458 833 3513 perperam
862 3458 916 3512 pro
941 3444 1117 3502 nominativo

101 3523 208 3587 accepto
224 3520 228 3585 Ι
244 3517 316 3582 Cho
331 3512 474 3569 notissimis
488 3513 555 3568 dere
570 3515 678 3568 ceterae
694 3520 698 3584 Ι
716 3521 731 3571 't
746 3511 921 3583 quadrigeui,
936 3529 984 3570 eoa.
994 3510 1117 3584 Lipsiae
