2392 3876
283 198 331 253 ΑΒ
349 197 512 255 excussu
528 151 684 255 AUGUSTI
701 198 760 253 ΧΠ.
779 205 893 256 ee-co.
1014 195 1096 264 dab

71 349 205 428 ptivitate
219 348 352 411 Carataci
366 347 549 428 disseruere,
567 364 664 427 neque
682 348 781 409 minus
798 347 829 408 id
848 346 972 428 clarum,
992 365 1079 426 quam

71 437 150 515 quod
170 436 333 517 Syphacem
351 435 383 497 P.
402 435 517 517 Scipio,
538 434 651 498 Persen
668 435 702 499 L.
720 435 842 517 Paulus,
865 443 896 497 et
915 437 941 496 si
960 437 1012 514 qui
1030 432 1080 497 alii

72 527 185 587 uinctos
204 542 291 604 roges
308 524 418 605 populo
434 524 566 586 Romano
585 523 751 587 ostendere.
782 532 943 586 censentur
961 523 1079 584 Ostorio

72 613 215 693 triumphi
228 615 367 693 insignia,
384 614 538 694 prosperis
551 613 589 675 ad
602 613 632 675 id
647 612 738 675 rebus
751 615 829 694 eius,
843 630 911 675 mox
925 611 1080 693 ambiguis,
1094 623 1108 664 ⁵

71 704 132 764 siva
151 710 248 765 amoto
267 702 420 783 Carataco,
439 704 524 781 quasi
542 700 722 764 debellatum
740 702 830 782 foret,
848 703 948 763 miuus
966 703 1080 763 intenta

71 790 148 870 apud
162 809 217 854 nos
230 790 334 852 militia
349 791 414 870 luit,
427 792 490 851 sive
499 789 601 852 bostos
610 792 800 853 miseratione
811 791 885 852 umi
894 791 973 870 regis
982 791 1080 850 acrias

70 880 108 941 ad
127 879 269 941 ultionem
288 896 435 939 exarsere.
470 879 654 958 preelectum
672 887 838 942 castrorum
856 887 887 940 et
904 877 1080 958 legionarias

72 967 211 1028 cobortes
226 966 415 1028 exstruendis
429 967 506 1045 apud
521 966 635 1029 Siluras
648 967 807 1046 praesidiis
821 966 940 1030 relictas
954 969 1080 1029 circum-

71 1055 208 1117 fundunt.
236 1073 270 1116 ac
283 1056 316 1116 ui
329 1057 389 1115 cito
407 1056 520 1117 nuntiis
539 1073 575 1116 ex
592 1055 724 1118 castellis
739 1057 884 1136 proximis
902 1053 1080 1118 subventum
1095 1069 1120 1108 1⁰

72 1143 150 1205 soret
168 1145 320 1223 copiarum
337 1142 466 1223 obsidio,
488 1143 641 1205 occidione
663 1144 889 1207 obcubuissent:
911 1144 1080 1224 praelectus

72 1241 171 1294 tanxen
185 1240 215 1293 et
229 1239 296 1294 octo
311 1233 501 1293 centuriones
514 1249 549 1293 ac
563 1235 803 1313 promptissimus
817 1235 943 1313 quisque
957 1251 975 1293 e
988 1234 1080 1294 mani·

72 1321 150 1400 pulis
169 1321 313 1383 cecidere.
341 1338 397 1381 nec
415 1319 509 1382 multo
518 1328 590 1400 post
603 1320 769 1400 pabulantis
784 1329 903 1382 nostros
915 1323 1082 1401 missasque

72 1410 108 1470 ad
123 1409 290 1472 subsidium
303 1415 417 1471 turmas
429 1407 594 1488 profligant
676 1446 677 1450 =

139 1495 191 1560 39.
210 1497 286 1559 Tum
300 1496 437 1558 Ostorius
455 1495 594 1560 cohortes
608 1497 760 1576 expeditas
774 1499 926 1578 opposuit3
945 1515 1001 1559 nec
1014 1497 1081 1559 ideo

73 1586 171 1666 lugam
191 1586 326 1666 sistebat,
345 1587 377 1647 ni
395 1585 526 1665 legiones
538 1586 685 1666 proelium
700 1588 900 1665 excepissent:
918 1603 1021 1647 aarum
1035 1604 1081 1646 ro-

72 1675 145 1736 bore
163 1680 287 1754 aeqrrata
304 1691 416 1755 pugna,
440 1673 511 1735 dein>
526 1673 614 1736 nobis
632 1692 687 1754 pro
705 1674 828 1735 meliore
846 1675 911 1735 inb.
952 1674 1081 1754 elingere

72 1763 174 1825 hostes
193 1765 275 1825 tenui
292 1762 412 1843 manno,
431 1764 500 1842 qaam
517 1762 679 1824 inclinabat
696 1762 768 1824 dias.
796 1762 901 1829 crebra
914 1762 984 1824 binc
998 1779 1083 1842 prco-

73 1852 124 1932 lia,
144 1859 174 1912 et
188 1853 306 1932 saepius
319 1853 351 1912 in
365 1852 485 1913 modum
498 1851 646 1914 latrocinii
658 1869 713 1932 per
727 1851 818 1913 saltus
832 1869 887 1932 per
899 1850 1036 1931 paludes,
1050 1857 1082 1912 ut
1097 1861 1110 1903 ⁵

74 1943 184 2021 cuique
197 1958 264 2001 sors
278 1947 330 2002 aut
343 1942 451 2022 virtus,
465 1947 577 2003 temere
591 1942 724 2022 proviso,
742 1939 781 2002 ob
794 1942 868 2001 iram
882 1939 921 2000 ob
934 1939 1083 2020 praedam,

72 2032 157 2092 iussu
171 2028 371 2109 utaliquando
385 2031 496 2109 ignaris
511 2028 646 2112 ducibus,
659 2046 694 2090 ac
706 2031 865 2109 praecipua
876 2028 1008 2090 Silurum
1016 2045 1083 2108 per·

72 2120 191 2181 vicaria.
231 2135 306 2198 quos
329 2117 509 2179 accendebat
528 2117 645 2198 vulgata
666 2118 854 2197 imperatoris
874 2116 998 2178 Romani
1018 2134 1083 2196 vox,

73 2215 106 2268 ut
121 2205 269 2287 quondam
284 2205 441 2285 Sugambri
455 2208 547 2268 excisi
560 2214 611 2269 aut
625 2208 656 2268 in
670 2205 778 2268 Gallias
791 2206 908 2268 traiecti
921 2205 1029 2285 forent,
1042 2207 1084 2267 ita

74 2293 206 2355 Silurum
220 2312 327 2356 nomen
341 2297 461 2374 penitus
470 2294 711 2374 extinguendum.
733 2297 826 2374 igitur
839 2294 913 2356 duas
926 2293 1084 2355 auxiliares
1098 2306 1125 2347 1⁰

74 2383 212 2444 cobortes
238 2384 359 2445 avaritia
383 2383 602 2463 praefectorum
623 2385 773 2444 incautius
794 2381 971 2462 populantes
993 2384 1084 2443 inter·

73 2489 194 2551 cepere,
215 2470 368 2550 spoliaque
390 2477 421 2531 et
439 2473 573 2550 captivos
588 2468 741 2549 largiendo
762 2477 876 2531 ceteras
897 2487 1015 2549 quoquc
1034 2486 1084 2529 na·

75 2561 172 2620 tiones
186 2559 221 2619 ad
236 2558 433 2619 deiectionem
446 2556 615 2637 trabebant,
633 2575 702 2618 cnm
720 2557 818 2618 taedio
832 2573 973 2618 curarum
987 2557 1084 2617 lassus

74 2645 211 2708 Ostorius
220 2646 370 2707 concessit
383 2647 450 2725 rita,
464 2644 549 2706 laetis
562 2643 707 2725 hostibus,
721 2653 870 2724 tamquam
885 2643 992 2706 docem
1005 2643 1082 2706 baud

76 2732 277 2812 spernendum
292 2734 349 2793 etsi
361 2750 423 2794 non
436 2731 592 2813 proelium,
605 2741 636 2794 at
648 2739 730 2794 certe
740 2731 851 2794 bellum
861 2731 1083 2813 absumpsisset.
1098 2763 1124 2805 15

139 2818 193 2883 40.
215 2820 253 2882 lt
271 2820 378 2882 Caesar
400 2823 518 2900 cognita
540 2829 638 2883 morte
660 2821 761 2902 legati,
783 2838 822 2882 ne
844 2823 996 2902 provincia
1019 2822 1084 2883 sine

74 2918 191 2972 rectore
209 2910 300 2990 leret,
318 2911 351 2970 Α.
366 2909 484 2971 Didium
503 2909 628 2972 suffecit.
655 2912 682 2971 is
699 2920 827 2990 propere
846 2917 949 2972 vectos
968 2928 1028 2972 non
1041 2918 1083 2972 ta·

146 3044 191 3114 88,
211 3050 227 3101 9
247 3042 346 3100 silulas
362 3046 368 3114 Ι
382 3042 483 3100 relicta
498 3045 504 3114 Ι
520 3050 554 3100 10
568 3041 633 3099 citis
646 3043 753 3099 nuntiis
762 3044 888 3133 lapsine,
906 3043 964 3100 oibo
976 3043 1084 3100 nuntiis

73 3115 198 3171 dimissis
222 3116 329 3184 Wurm,
346 3121 377 3170 ot
394 3116 429 3185 cs.
449 3119 494 3184 13,
512 3120 531 3172 9
548 3117 587 3171 ist.
604 3119 608 3183 1
624 3131 660 3171 ex
680 3115 812 3186 Reperti:
840 3118 871 3171 ei
893 3119 899 3184 Ι
924 3122 956 3171 11
985 3115 1083 3197 copiae

73 3189 135 3242 ium
153 3185 488 3255 occidioneRbencnosl
504 3185 615 3242 obsidio
634 3185 778 3242 occidione
800 3189 912 3257 scripsi:
936 3183 1084 3242 obsidione

74 3257 226 3328 (obsidioni
243 3258 451 3329 Bcsunbm)
474 3259 481 3327 Ι
507 3263 539 3315 12
558 3273 575 3313 s
596 3254 749 3330 manipulis
767 3257 896 3328 mus:
923 3255 1084 3327 manipulus

73 3327 269 3400 (manipularis
279 3330 328 3398 cl.)
335 3329 341 3412 l
354 3335 386 3385 13
395 3328 509 3384 nostros
514 3327 694 3385 Puteolanum
707 3327 779 3383 aosi
799 3343 845 3383 sos
854 3327 859 3402 Ι
867 3327 915 3396 OO,
926 3333 941 3383 1
952 3325 1086 3398 opposuit

74 3399 201 3480 lipsius:
229 3401 410 3469 expcsmilo
436 3397 553 3480 provisa
578 3399 696 3470 lipsius
709 3401 746 3464 l't
774 3344 834 3471 fao]
860 3398 1084 3468 Freiaabeisnit

74 3469 162 3594 {fimi
179 3473 229 3553 sui
248 3470 389 3596 {eornm
413 3469 519 3526 excisio
534 3471 568 3525 at
583 3472 640 3541 (aa
656 3467 760 3526 excissi
776 3471 827 3524 ont
838 3468 864 3541 i)
880 3473 885 3539 Ι
902 3474 936 3525 14
953 3467 1035 3542 uitat
1052 3473 1084 3526 lb

112 3557 264 3612 sumpsisse
782 3566 785 3571 ·
