2392 3876
106 178 170 243 192
385 191 392 202 ··
454 177 623 234 CORNELII
639 175 758 234 TAOITI

104 333 134 387 et
147 325 379 405 adprobantibus
398 325 512 388 Surena
530 327 626 405 patrio
644 343 727 386 more
742 325 893 387 Tiridaten
907 327 1021 406 insigni
1034 331 1121 407 regio

62 428 91 469 ao
142 417 149 430 ’
173 417 224 476 x’.

104 423 222 566 evahh
240 503 282 565 Ac
301 505 327 564 si
345 505 444 564 statim
457 504 600 564 interiora
614 512 787 582 ceterasque
801 505 937 566 nationes
949 505 1120 585 petivisset,

104 610 246 671 oppressa
263 594 467 654 cunctantium
485 590 629 652 dubitatio
644 599 674 652 et
687 609 790 652 omnes
804 593 835 652 in
849 609 942 652 unum
956 591 1120 654 cedebant:

104 681 265 743 adsidendo
279 680 444 760 castellum,
458 682 490 740 in
504 679 583 759 quod
597 681 753 758 pecuniam
766 687 797 741 et
809 679 937 758 paelices
947 678 1119 742 Artabanus

105 769 283 849 contulerat,
309 768 390 829 dedit
412 769 540 846 spatium
559 769 687 828 exuendi
704 775 798 847 pacta.
834 781 902 829 nam
919 767 1067 830 Phraates
1090 781 1120 831 et

78 857 196 918 slliero
213 864 244 917 et
262 859 288 917 si
307 858 359 935 qui
378 855 427 916 alii
445 855 593 916 delectum
611 856 754 934 capiendo
773 857 931 917 diademati
948 856 1029 918 diem
1044 857 1120 919 haut

105 944 396 1024 concelebraverant,
414 962 484 1023 pars
498 951 592 1024 metu,
612 944 732 1023 quidam
746 944 856 1006 invidia
869 947 901 1006 in
914 944 1118 1028 Abdagaesen,

105 1035 234 1113 quitum
248 1030 315 1092 aula
328 1040 358 1093 et
371 1050 446 1093 novo
461 1050 531 1111 rege
544 1033 722 1113 potiebatur,
736 1033 772 1094 ad
787 1032 968 1094 Artabanum
982 1042 1118 1116 verterc3

104 1123 190 1200 isque
211 1123 242 1181 in
263 1119 407 1199 Hyrcanis
425 1128 563 1199 repertus
582 1128 641 1202 est,
664 1121 774 1182 inluvie
793 1120 908 1183 obsitus
926 1128 958 1182 et
975 1121 1118 1184 alimenta

105 1227 176 1270 arcu
190 1208 358 1289 expediens.
386 1227 420 1269 ao
434 1211 530 1288 primo
544 1216 694 1288 tamquam
709 1207 794 1270 dolus
807 1217 963 1288 pararetur
981 1213 1118 1292 territus,

66 1312 91 1352 ao
105 1295 158 1358 ubi
172 1297 239 1358 data
252 1297 326 1358 fides
340 1297 507 1358 reddendae
526 1298 719 1359 dominationi
737 1299 863 1379 venisse,
881 1297 1033 1360 adlevatur
1055 1302 1119 1361 aui·

104 1404 186 1448 mum
205 1393 236 1447 et
253 1404 328 1465 quae
347 1387 502 1465 repentina
520 1388 644 1448 mutatio
663 1387 801 1466 exquirit.
828 1394 893 1447 tum
906 1386 997 1447 Hiero
1015 1391 1118 1466 pueri·

104 1477 176 1536 tiam
186 1474 326 1535 Tiridatis
340 1476 482 1555 increpat,
498 1490 594 1554 neque
608 1492 700 1554 penes
710 1474 870 1536 Arsaciden
880 1477 1048 1554 imperium,
1064 1476 1118 1538 sed

104 1565 191 1625 inane
211 1582 318 1624 nomen
332 1564 410 1642 apud
428 1560 567 1624 inbellem
587 1571 709 1625 externa
729 1562 865 1644 mollitia,
887 1565 947 1623 vim
969 1564 1002 1623 in
1021 1563 1117 1626 Abda·

105 1654 202 1731 gaesis
217 1653 311 1713 domo.

171 1738 223 1802 44.
243 1740 342 1801 Sensit
359 1747 445 1801 vetus
463 1739 607 1818 regnandi
624 1739 712 1800 falsos
730 1741 762 1800 in
780 1757 879 1800 amore
898 1739 965 1800 odia
982 1757 1044 1800 non
1063 1741 1117 1802 lin·

105 1847 184 1908 gere.
212 1847 267 1890 nec
286 1827 363 1889 ultra
381 1834 525 1907 moratus,
545 1845 633 1906 quam
647 1827 718 1888 dum
734 1827 910 1908 Scytharum
923 1827 1032 1889 auxilia
1046 1846 1117 1890 con-

105 1919 189 1998 ciret,
202 1919 300 1995 pergit
313 1933 460 1994 properus
474 1923 504 1976 et
517 1917 711 1993 praeveniens
724 1918 913 1977 inimieorum
927 1923 1025 1997 astus,
1043 1919 1117 1977 ami-

105 2023 208 2065 corum
231 2005 454 2083 paenitentiam3
477 2021 574 2082 neque
597 2011 719 2065 eruerat
741 2004 913 2086 paedorem,
936 2012 971 2067 ut
994 2003 1117 2084 vulgum

78 2093 295 2153 amiseratione
314 2091 488 2152 adverteret.
524 2109 584 2152 uon
603 2092 697 2172 lraru,
718 2110 778 2153 uon
796 2110 914 2174 preces,
933 2092 1009 2154 nihil
1025 2096 1116 2155 omis·

106 2197 185 2259 sum,
205 2198 264 2258 quo
282 2178 434 2258 ambiguos
452 2178 600 2260 inliceret,
618 2182 749 2258 prompti
766 2181 964 2243 firmarentur.
997 2183 1116 2262 iamque

104 2268 197 2329 multa
215 2285 303 2327 manu
321 2269 488 2347 propinqua
506 2267 657 2329 Seleuciae
676 2268 862 2349 adventabat,
881 2287 950 2330 cum
968 2268 1117 2332 Tiridates

105 2356 195 2418 simul
212 2357 288 2416 lama
307 2363 394 2434 atque
414 2358 479 2435 ipso
494 2356 641 2417 Artabano
660 2357 815 2435 perculsus
834 2357 960 2431 distrahi
974 2359 1116 2438 consiliis,

104 2447 163 2508 iret
177 2454 280 2507 contra
294 2463 330 2505 an
345 2443 454 2505 bellum
468 2447 655 2506 cunctatione
669 2453 819 2513 tractaret.
847 2446 956 2526 quibus
969 2446 1116 2525 proelium

66 2547 92 2586 10
106 2542 137 2597 et
149 2534 282 2596 festinati
295 2551 381 2595 casus
395 2532 559 2613 placebant,
573 2534 712 2595 disiectos
727 2541 757 2595 et
770 2534 984 2614 longinquitate
998 2537 1116 2596 itineris

107 2625 201 2684 fessos
215 2642 252 2684 ue
267 2625 364 2684 animo
378 2622 497 2701 quidem
517 2624 589 2683 satis
607 2623 643 2684 ad
663 2621 839 2702 obsequium
858 2622 1004 2684 coaluisse
1023 2623 1116 2685 disse·

106 2718 186 2790 runt,
200 2712 367 2789 proditores
381 2730 477 2790 nuper
490 2711 650 2791 hostesque
665 2714 739 2791 eius,
753 2730 841 2790 quem
855 2729 976 2773 rursum
990 2710 1116 2772 foveant.

106 2815 210 2859 rernm
224 2799 408 2877 Abdagaeses
422 2800 650 2878 regrediendum
668 2801 700 2860 iu
713 2800 952 2879 Mesopotamiam
966 2799 1116 2879 censebat,

106 2893 141 2948 ut
158 2904 244 2946 amne
263 2885 392 2967 obiecto,
412 2887 558 2955 Armeniis
577 2890 696 2970 interim
710 2887 917 2968 Elymaeisque
931 2896 962 2949 et
976 2890 1086 2950 ceteris
1100 2907 1117 2949 a

68 2982 191 3054 actergo
214 2976 332 3054 excitis,
355 2978 434 3035 aucti
457 2978 551 3054 copiis
569 2974 728 3053 socialibus
746 2984 777 3037 et
795 2995 869 3056 quas
887 2976 947 3038 dux
965 2976 1116 3038 Romanus

107 3065 237 3125 misisset
251 3062 399 3122 fortunam
413 3069 601 3142 temptarent.
629 3081 663 3124 ea
677 3067 823 3126 sententia
843 3065 945 3146 valuit,
965 3067 1034 3143 quia
1052 3065 1116 3144 plu·

107 3155 182 3215 rima
204 3153 365 3212 auotoritas
387 3168 480 3228 penes
498 3151 689 3229 Abdagaesen
711 3159 742 3213 et
764 3153 911 3214 Tiridates
933 3155 1057 3232 ignavus
1080 3153 1117 3214 ad

178 3305 224 3370 42,
235 3309 268 3358 19
281 3301 388 3357 biridan
402 3303 407 3374 Ι
423 3302 496 3370 tte
511 3302 689 3359 dubitatione
704 3320 799 3360 omues
814 3303 987 3360 Freiuabcim
1002 3307 1006 3374 Ι
1023 3306 1119 3361 bhuut

108 3374 244 3430 Plebeoo:
269 3373 335 3428 haoi
359 3375 364 3443 1
390 3380 423 3429 1³
450 3372 586 3428 inbellem
607 3392 694 3430 manaa
715 3382 799 3432 cetere
816 3391 850 3430 eac
867 3374 1004 3431 inbellum
1022 3393 1091 3432 corr.
1113 3376 1117 3448 Ι

106 3444 152 3512 44,
173 3452 189 3500 2
213 3444 280 3499 dum
298 3445 460 3501 Rhenanam:
485 3447 567 3514 tuml
584 3452 599 3500 7
617 3445 807 3515 propinannm
844 3446 968 3518 l'rdrir}
985 3447 1120 3502 aduenta-

106 3513 177 3570 bant
192 3518 196 3584 Ι
213 3522 229 3571 8
247 3515 391 3585 perculsus
410 3516 561 3573 noeman
598 3532 732 3572 oe*mmm
