2392 3876
249 185 297 240 as
315 183 477 240 excessu
493 183 649 240 ansosrr
665 184 738 242 xrn.
757 190 870 241 sa-as.
941 145 947 156 ’
997 184 1065 250 265

56 353 119 395 sam
134 352 199 395 esse
214 333 332 416 debere,
345 333 420 395 nibil
434 335 642 395 universorum
655 335 715 395 iuri
724 332 941 414 derogandum3
955 335 1065 413 quippe

55 423 114 484 late
129 423 228 484 iusum
241 423 272 483 id
286 439 405 501 corpus
432 421 502 484 hinc
520 422 697 502 plerumque
714 420 826 502 tribus,
844 421 994 501 decurias,
1011 424 1065 482 nri-

55 512 179 572 nisteria
192 509 414 591 magistratibus
428 517 459 572 et
472 510 685 592 sacerdotibus,
700 509 838 573 cobortes
848 512 937 571 ctiam
950 512 980 571 in
990 510 1065 571 urbe

56 601 253 681 conscriptas3
271 607 302 661 et
320 598 457 679 plurimis
471 600 618 680 equitum,
636 599 787 678 plerisque
806 597 993 660 senatoribus
1006 611 1093 658 nono

56 688 175 750 aliunde
189 690 334 767 originem
348 687 439 750 trahi:
460 690 487 750 si
500 696 710 768 separarentur
722 686 867 769 libertini,
881 686 1066 748 manifestam

57 778 120 838 iore
135 779 290 857 penuriam
304 778 509 855 ingenuorum.
536 793 596 838 non
610 777 722 838 trustra
735 779 873 858 maiores,
891 793 960 837 curn
972 775 1066 854 digni·

56 874 148 927 tatem
162 866 301 927 ordinum
315 864 493 946 dividerent,
516 864 683 927 libertatem
703 866 735 926 in
753 866 903 927 communi
921 859 1066 944 posuisse.

55 957 129 1033 quin
144 961 174 1015 et
188 971 277 1014 manu
291 952 429 1014 mittendi
441 952 516 1015 duos
530 956 645 1032 species
658 956 818 1036 institutas,
838 961 874 1016 ut
885 952 1067 1033 relinquere·

56 1049 106 1102 tur
129 1042 327 1119 paenitentiae
350 1048 402 1102 aut
423 1058 500 1103 novo
523 1039 667 1104 beneficio
694 1042 785 1105 locus.
836 1060 911 1122 quos
937 1042 1067 1104 vindicta
1081 1056 1108 1098 ιο

56 1137 201 1209 patronus
215 1147 275 1190 non
288 1128 471 1210 liberaverit,
492 1128 574 1190 velut
591 1129 687 1193 vinclo
701 1132 855 1192 servitutis
867 1132 997 1193 attineri.
1025 1130 1066 1190 di·

58 1219 187 1296 spiraret
210 1220 337 1297 quisque
360 1221 466 1280 merita
488 1218 632 1298 tardeque
655 1219 845 1300 conroderet,
868 1220 947 1299 quod
966 1219 1068 1280 dotum

56 1325 116 1367 non
139 1307 328 1368 adimeretur.
365 1305 438 1369 haec
462 1310 609 1369 sententia
632 1305 736 1388 valuit,
758 1309 937 1388 scripsitque
960 1306 1068 1368 Caesar

57 1398 185 1476 senatui,
205 1397 341 1474 privatim
361 1396 564 1474 expenderent
582 1399 701 1457 causam
718 1394 907 1476 libertorum,
930 1397 1067 1475 quotiens

56 1501 72 1543 a
91 1485 225 1561 patronis
243 1492 453 1562 arguerentur-2
474 1486 683 1546 incommune
702 1483 777 1545 nihil
794 1483 979 1561 derogarent.
1012 1500 1067 1543 nec
1081 1497 1108 1540 re

55 1571 149 1633 multo
169 1579 237 1651 post
259 1579 381 1650 ereptus
404 1575 510 1634 amitae
532 1571 658 1634 libertus
680 1571 765 1634 Paris
783 1573 868 1651 quasi
890 1573 955 1633 iure
979 1570 1067 1650 ciuili,

56 1678 116 1720 non
130 1662 194 1720 sine
209 1661 328 1721 inlomia
342 1662 500 1742 principis,
518 1663 604 1723 cuius
617 1663 703 1723 iussu
716 1667 920 1741 perpetratum
933 1660 1067 1739 ingenui·

56 1750 126 1809 tatis
140 1748 284 1810 iudicium
298 1757 370 1810 erat.

123 1833 175 1899 28.
198 1835 335 1898 Manebat
352 1836 444 1898 nihilo
463 1838 563 1900 minus
580 1837 724 1916 quaedam
745 1839 841 1916 imago
860 1835 1066 1916 reipublicae.

56 1943 124 1987 nem
138 1927 216 1987 inter
230 1923 390 1987 Vibullium
403 1933 572 2004 praetorem
585 1933 616 1986 et
629 1925 727 2006 plebei
740 1925 895 1987 tribunum
906 1923 1067 1986 Antistium

56 2022 156 2076 ortum
174 2021 337 2094 certamen,
359 2014 437 2094 quod
456 2014 639 2077 inmodestos
657 2014 788 2077 lautores
806 2013 987 2076 histrionum
1006 2021 1067 2075 etn

56 2111 193 2182 praetore
211 2105 243 2163 in
260 2103 357 2165 vincla
377 2103 483 2168 dumos
501 2102 641 2165 tribunus
656 2105 752 2166 omitti
769 2104 915 2165 iussisset.
942 2120 1066 2180 conpro-

56 2190 162 2253 bavere
181 2199 295 2272 patres,
313 2194 447 2255 incusata
460 2192 583 2255 Antistii
599 2191 727 2254 licentia.
756 2190 844 2254 simul
857 2189 1000 2271 prohibiti
1014 2193 1065 2251 tri·
1081 2203 1094 2246 ⁵

56 2279 129 2340 buni
151 2281 199 2340 ius
222 2288 393 2358 praetorum
416 2288 446 2342 et
469 2280 625 2343 consulum
646 2282 817 2360 praeripere
835 2288 888 2341 aut
905 2297 1011 2342 vocare
1031 2297 1067 2340 ex

56 2367 147 2448 ltalia,
160 2385 230 2428 oum
244 2368 353 2446 quibus
366 2368 430 2448 lege
445 2371 492 2447 agi
505 2378 615 2450 posset.
642 2368 754 2431 addidit
767 2369 800 2431 L.
814 2367 881 2430 Piso
896 2368 1068 2446 designatus

56 2455 171 2537 consul,
185 2473 223 2517 ne
238 2456 310 2535 quid
323 2458 402 2519 intra
415 2457 536 2518 domum
550 2475 605 2536 pro
618 2463 764 2536 potestate
778 2457 974 2535 adverterent,
993 2473 1067 2516 neue

56 2544 180 2605 multam
199 2543 235 2605 ab
254 2546 291 2604 iis
310 2544 419 2605 dictam
438 2552 610 2623 quaestmes
628 2546 736 2607 nerant
751 2547 784 2605 in
804 2542 939 2622 publicas
952 2542 1067 2604 tabulas

56 2639 124 2692 ante
144 2637 284 2709 quattuor
302 2649 421 2694 menses
438 2632 599 2712 referrent3
620 2631 719 2693 medio
742 2633 885 2709 temporis
903 2637 1007 2693 contra
1025 2630 1067 2691 di·
1082 2645 1109 2686 10

57 2737 126 2780 cere
139 2717 254 2800 liceret,
267 2718 364 2798 deque
377 2738 413 2782 eo
426 2719 565 2782 eonsules
579 2726 751 2783 sutuerent.
785 2717 915 2788 cohibita
928 2721 1023 2781 entius
1037 2727 1068 2780 et

56 2805 196 2868 aedilium
214 2814 346 2885 potestas
365 2816 581 2890 statutumque,
604 2815 747 2888 qnantum
767 2806 901 2888 curules,
924 2815 1067 2888 quantum

55 2895 154 2976 plebei
167 2897 302 2975 pignoris
315 2905 457 2978 caperent
469 2897 516 2959 vel
535 2915 647 2978 poenae
662 2899 841 2977 irrogarent.
869 2904 901 2959 et
913 2894 1067 2958 Helvidius

55 2985 179 3048 Priscus
197 2983 336 3046 tribunus
359 2985 456 3067 plebei
474 2986 616 3049 adversus
635 2984 844 3049 Obultronium
859 2983 1001 3047 Sabinum
1020 3003 1066 3045 ae·

55 3077 129 3137 rarii
152 3081 341 3154 quaestorem
362 3077 567 3137 contentiones
588 3076 725 3154 proprias
748 3075 894 3156 exercuit,
918 3081 1066 3153 temqunm
1082 3084 1108 3127 1⁵

55 3167 104 3225 ius
122 3163 225 3225 hastae
243 3161 386 3225 adversus
404 3164 509 3242 inopes
528 3162 720 3226 inclementer
738 3170 869 3243 augeret
903 3160 972 3223 dein
987 3163 1066 3241 prin·

55 3269 127 3331 ceps
145 3269 248 3314 curam
269 3250 437 3313 tabularum
455 3251 641 3331 publicarum
658 3269 675 3312 a
693 3248 902 3332 quaestoribus
924 3249 961 3311 ad
984 3267 1067 3330 prae·

56 3339 149 3402 tectos
163 3339 324 3402 transtulit.

127 3456 173 3526 ta,
192 3464 226 3514 lit
251 3457 410 3527 scriptaque
448 3462 482 3512 14
504 3473 590 3513 censs
605 3460 609 3527 Ι
626 3463 660 3515 ld
677 3457 823 3528 derogant,
841 3472 890 3514 cru
910 3457 1040 3513 Mincius
1060 3455 1065 3529 l

55 3526 101 3596 ΞΒ,
122 3527 271 3597 chistre
290 3529 384 3586 atto.
432 3545 456 3585 r.
477 3526 644 3586 Gronoviuss
664 3544 697 3584 eo
713 3532 718 3598 Ι
734 3534 767 3586 16
787 3528 885 3598 ageret
901 3526 1024 3596 dinen
