2392 3876
149 175 194 237 74
500 171 670 228 CORNELII
686 172 806 228 Tuom

149 340 231 385 mum
255 321 361 383 oblivio
384 324 497 401 patriae
521 324 583 383 suis
607 339 753 400 quemque
772 321 809 382 ab
828 322 949 383 sedibus
967 323 1105 384 hostilem
1130 327 1163 384 in

149 429 254 490 agrum
268 411 468 472 transtulerat.

217 497 268 562 63.
298 499 478 561 Maroboduo
507 498 638 577 undique
666 498 785 560 deserto
809 517 868 559 non
891 499 970 561 aliud
994 498 1163 561 subsidium

148 607 238 668 quam
265 588 469 649 misericordia
492 586 625 648 Caesaris
649 586 712 648 fuit.
759 596 963 666 transgressus
986 586 1163 670 Danuvium,

149 697 208 759 qua
225 678 362 738 Noricam
379 678 560 756 provinciam
583 674 734 762 praefluit,
758 678 878 756 scripsit
901 675 1020 737 Tiberio
1043 695 1103 737 non
1127 687 1163 738 ut

148 767 292 846 profugus
307 773 358 825 aut
372 764 495 843 supplex
500 811 509 845 ,
528 763 580 824 sed
595 783 631 823 ex
644 767 786 824 memoria
799 767 909 843 prioris
923 764 1072 826 fortunae:
1091 784 1162 826 nam

122 854 251 915 cmultis
269 853 439 913 nationibus
459 853 656 913 clarissimum
675 854 823 931 quondam
842 870 943 931 regem
957 854 993 913 ad
1008 871 1040 913 se
1055 872 1162 916 vocan-

149 942 230 1003 tibus
252 941 413 1001 Romanam
440 943 599 1001 amicitiam
620 941 805 1020 praetulisse.
851 959 1028 1020 responsum
1051 960 1067 1001 a
1091 942 1162 1003 Cae·

149 1048 215 1091 sare
229 1037 324 1091 tutam
338 1032 366 1090 ei
379 1029 611 1108 honoratamque
625 1029 727 1090 sedem
741 1032 772 1089 in
786 1028 868 1090 ltalia
883 1030 959 1109 fore,
975 1033 1001 1091 si
1013 1040 1162 1092 maneret:

149 1122 196 1180 sin
219 1117 310 1178 rebus
334 1120 398 1178 eius
421 1117 500 1179 aliud
525 1116 719 1199 conduceret,
742 1117 892 1179 abiturum
911 1119 968 1179 fide
988 1136 1045 1197 qua
1064 1123 1162 1181 venis·

150 1216 203 1268 set.
236 1214 370 1268 ceterum
389 1205 467 1285 apud
489 1213 623 1266 senatum
644 1206 785 1268 disseruit
804 1226 864 1268 nou
883 1206 1053 1286 Philippum
1071 1207 1162 1268 Athe-

110 1319 136 1358 10
149 1295 317 1374 mensibus,
335 1312 395 1354 non
409 1293 535 1374 Pyrrum
553 1303 605 1354 aut
618 1295 797 1356 Antiochum
815 1295 924 1374 populo
943 1295 1074 1355 Romano
1093 1314 1161 1375 per-

149 1385 218 1447 inde
232 1384 408 1445 metuendos
422 1377 537 1444 fuisse.¹
552 1391 631 1445 extat
645 1386 751 1465 oratio,
771 1403 828 1463 qua
847 1384 1080 1463 magnitudinem
1094 1387 1161 1465 viri,

149 1474 318 1535 violentiam
333 1473 533 1534 subiectarum
549 1474 578 1532 ei
595 1475 729 1550 gentium
748 1480 778 1533 et
796 1491 885 1552 quam
903 1475 1090 1552 propinquus
1104 1472 1161 1533 lta-

149 1564 205 1624 hae
219 1563 322 1642 hostis,
337 1580 448 1641 suaque
462 1564 494 1621 in
508 1562 688 1622 destruendo
703 1579 738 1622 eo
752 1561 875 1622 consilia
889 1561 1002 1621 extulit.
1027 1569 1057 1621 et
1066 1561 1162 1622 Maro-

149 1652 267 1713 boduus
287 1651 408 1730 quidem
428 1651 582 1710 Ravennae
600 1648 735 1730 babitus,
761 1649 925 1728 siquando
945 1649 1163 1711 insolescerent

110 1761 136 1801 15
151 1740 255 1819 Suebi,
275 1743 359 1818 quasi
377 1739 529 1799 rediturus
548 1740 579 1797 in
593 1730 719 1816 regnum
734 1736 951 1798 ostenduntur:
970 1738 1021 1798 sed
1037 1733 1097 1798 riou
1112 1758 1162 1799 ex-

151 1831 242 1889 cessit
263 1826 345 1886 ltalia
373 1845 427 1904 per
454 1826 656 1903 duodeviginti
679 1822 1009 1909 annos-cbnsenuitque
1033 1827 1162 1888 multum

150 1909 305 1976 imminuta
323 1914 455 1974 claritate
474 1912 512 1973 ob
530 1915 650 1973 nimiam
668 1914 786 1975 vivendi
805 1916 982 1994 cupidinem.
1015 1915 1093 1975 idem
1109 1915 1162 1976 Ca-

83 2045 84 2048 *
150 2002 266 2064 tualdae
289 2020 376 2062 casus
398 2019 495 2080 neque
519 2000 597 2061 aliud
621 2002 797 2081 perfugium.
837 2003 942 2081 pulsus
965 2002 1044 2064 haud
1067 2004 1162 2065 multo

151 2100 218 2170 post
239 2089 517 2150 Hermundurorum
545 2089 650 2168 opibus
679 2099 709 2150 et
732 2089 837 2151 Vibilio
856 2091 932 2153 duce
951 2099 1162 2171 receptusque,

110 2201 136 2241 so
151 2180 261 2240 Forum
270 2177 385 2258 lulium,
395 2178 594 2239 Narbonensis
604 2177 712 2240 Galliae
722 2179 875 2260 coloniam,
885 2182 1022 2241 mittitur.
1042 2180 1162 2241 barbari

150 2275 311 2345 utrumque
325 2269 465 2345 comitati,
484 2285 521 2327 ne
537 2269 651 2345 quietas
669 2269 837 2345 provincias
854 2271 982 2328 immixti
995 2267 1162 2349 turbarent,

150 2357 315 2417 Danuvium
328 2354 406 2415 ultra
420 2357 499 2415 inter
512 2354 634 2415 flumina
642 2354 758 2416 Marum
767 2364 797 2416 et
807 2355 919 2417 Cusum
931 2356 1076 2437 locantur,
1093 2358 1161 2419 dato

151 2463 220 2524 rege
235 2444 347 2505 Vannio
361 2445 460 2522 gentis
474 2443 651 2513 Quadorum.
740 2435 743 2443 ’

218 2531 270 2596 64.
294 2532 388 2593 Simul
406 2534 541 2592 nuntiato
560 2550 661 2610 regem
678 2533 818 2593 Artaxian
836 2533 984 2594 Armeniis
1007 2553 1023 2594 a
1042 2534 1162 2596 Germa·

150 2627 218 2684 uico
237 2622 350 2701 datum,
374 2621 532 2681 decrevere
554 2628 654 2699 patres
672 2628 706 2682 ut
725 2620 917 2682 Germanicus
938 2629 1027 2701 atque
1047 2622 1163 2684 Drusus

150 2719 271 2771 ovantes
286 2710 392 2770 urbem
405 2711 572 2769 introirent.
597 2711 703 2770 structi
713 2717 743 2770 et
752 2727 839 2769 arcus
854 2701 968 2770 chetim
981 2710 1074 2770 latera
1089 2720 1162 2772 tem·

151 2798 193 2877 pli
213 2797 316 2857 lllartis
339 2797 449 2858 Ultoris
473 2816 541 2858 cum
565 2797 661 2876 effigie
685 2797 855 2877 Caesarum,
883 2797 1006 2859 laetiore
1030 2798 1161 2880 Tiberio,

124 2888 221 2968 squia
239 2903 342 2964 paoem
361 2889 504 2964 sapientia
522 2887 701 2966 firmaverat,
724 2904 812 2964 quam
836 2888 862 2946 si
880 2884 990 2947 bellum
1008 2905 1063 2965 per
1082 2891 1163 2949 acies

153 2976 337 3038 confecisset.
369 2977 461 3051 igitur
483 2974 697 3051 Rhescuporim
718 2992 849 3053 quoque,
868 2973 992 3036 Thraec'
1013 2993 1029 3035 e
1050 2995 1163 3057 regem,

152 3073 218 3126 astu
233 3060 413 3140 adgreditur.
442 3080 558 3121 omnem
577 3079 642 3121 eam
657 3063 806 3121 nationem
820 2993 1045 3125 Rhoemetasses
1059 3073 1163 3126 tenue·

153 3162 212 3234 rat;
232 3170 290 3231 quo
309 3150 448 3210 defuncto
467 3150 618 3226 Augustus
636 3157 751 3226 partem
765 3148 931 3210 Thraecum
945 3151 1166 3232 Rhescuporidi

153 3244 238 3304 fratri
256 3243 333 3321 eius,
351 3244 466 3317 partem
484 3237 543 3297 filio
558 3236 642 3315 Cotyi
660 3239 803 3315 permisit.
832 3240 862 3298 in
881 3256 915 3298 ea
935 3239 1079 3302 divisione
1094 3260 1165 3302 arva

224 3448 269 3515 ot,
291 3453 323 3502 12
345 3444 511 3512 transtulat,
535 3459 582 3498 em.
601 3442 717 3497 Ernesti
732 3443 737 3510 Ι
752 3440 798 3505 ta,
819 3440 1078 3503 tastilionem:
1103 3447 1167 3502 nesi

153 3517 230 3588 (inde
250 3517 275 3571 si
297 3517 495 3584 Weissenborn)
512 3516 516 3583 l
535 3518 566 3567 15
585 3510 726 3567 rediturus
745 3510 908 3567 Rhenanus:
920 3514 1035 3569 reditus
