2392 3876
112 185 176 250 368
463 181 631 237 CORNELII
648 182 767 240 baem
790 173 803 200 ⁸

112 333 153 394 hil
167 335 231 411 ipse
246 332 282 392 de
297 331 427 392 Thrasea
446 333 615 411 scripseris:
634 332 864 412 disceptatorem
882 347 1025 402 senatum
1044 341 1127 406 uobis

112 415 268 499 velinque?
308 419 421 481 extollit
444 421 488 480 ira
510 428 681 500 promptum
704 420 872 484 Cossutiani
895 427 1032 491 animum
1051 431 1126 495 Nero

71 523 98 565 eo
113 512 261 589 adicitque
274 508 445 571 Marcellum
461 507 585 588 Eprium
600 512 662 571 acri
676 509 851 589 eloquentia.

179 597 229 660 23.
244 599 281 658 ht
295 598 417 659 Baream
432 597 578 658 Soranum
591 600 648 658 iam
664 597 721 659 sibi
735 597 872 662 Ostorius
887 599 1021 667 Sabinus
1036 624 1126 689 eques

110 688 260 748 Romanus
274 693 450 765 poposcerat
463 702 548 747 reum
562 703 598 746 ex
612 685 824 764 proconsulatu
838 689 938 772 Asiae,
957 695 991 754 in
1012 709 1073 775 quo
1089 698 1125 758 ol·

111 778 260 837 tensiones
274 776 418 855 principis
432 777 514 835 auxit
526 773 640 835 iustitia
655 783 743 855 atque
757 777 913 861 industria,
928 788 958 841 et
973 785 1046 861 quia
1061 800 1125 864 por·
1168 772 1170 779 ’

111 868 157 926 tui
170 864 367 943 Ephesiorum
386 862 545 942 aperiendo
560 881 662 925 curam
677 867 877 945 insumpserat
890 869 1012 948 nmque
1027 874 1125 934 eivita-

83 957 149 1014 stls
164 953 373 1032 Pergamenae,
392 950 577 1029 prohibentis
593 954 731 1013 Acratum
752 951 886 1016 Caesaris
905 955 1049 1020 libertum
1070 969 1123 1022 sta-

110 1051 177 1104 tuas
192 1049 222 1101 et
236 1042 367 1119 picturas
382 1039 515 1122 evehere,
529 1040 653 1102 inultam
668 1044 817 1104 omiserat.
841 1044 893 1105 sed
907 1047 1029 1107 crimini
1039 1048 1124 1110 daba-

110 1138 160 1191 tur
174 1130 302 1204 amicitia
317 1127 412 1190 Plauti
426 1136 455 1189 et
470 1129 590 1190 ambitio
605 1130 804 1191 conciliandae
818 1133 989 1210 provinciae
1004 1135 1041 1196 ad
1056 1154 1124 1217 spes

110 1235 208 1279 novas.
255 1225 373 1296 tempus
396 1218 576 1279 damnationi
604 1217 766 1301 delectum,
794 1238 852 1298 quo
876 1216 1025 1285 Tiridates
1049 1228 1123 1286 acei-

109 1305 217 1387 piendo
237 1307 392 1367 Armeniae
416 1325 507 1385 regno
531 1306 719 1387 adventabat,
742 1315 777 1368 ut
799 1308 834 1368 ad
855 1319 977 1371 externa
996 1317 1123 1374 rumori-

70 1411 96 1448 10
111 1397 166 1458 bus
181 1398 354 1457 intestinum
370 1395 467 1456 scelus
482 1393 706 1476 obscuraretur,
721 1414 759 1457 au
773 1402 807 1456 ut
821 1398 1056 1477 magnitudinem
1071 1403 1122 1462 im-

109 1485 287 1565 peratoriam
315 1484 404 1545 caede
432 1485 592 1561 insignium
620 1485 752 1544 virorum
777 1487 862 1564 quasi
885 1487 967 1564 reglo
991 1486 1122 1551 facinore

110 1581 280 1635 ostentaret.

175 1660 227 1724 24.
246 1660 339 1740 Igitur
358 1663 439 1721 omni
453 1662 570 1721 civitate
590 1660 625 1721 ad
645 1660 852 1740 excipiendum
870 1663 1039 1741 principem
1058 1684 1122 1745 spe-

108 1752 307 1830 ctandumque
326 1765 426 1828 regem
445 1747 549 1829 ellusa,
573 1748 703 1810 Thrasea
722 1766 851 1810 occursu
874 1750 1044 1830 prohibitus
1063 1772 1123 1815 non

109 1842 228 1902 demisit
246 1841 388 1919 animum,
413 1836 464 1898 sed
484 1837 634 1899 codicillos
655 1838 690 1898 ad
710 1837 858 1899 Neronem
877 1843 1058 1922 composuit,
1078 1861 1122 1903 re·

110 1932 232 2011 quirens
248 1927 362 1988 obieeta
377 1937 407 1986 et
421 1934 654 2005 expurgaturum
669 1926 859 2007 adseverans,
875 1929 901 1987 si
915 1931 1051 1989 notitiam
1066 1933 1122 1991 cri-

82 2034 96 2073 s
110 2023 223 2079 minum
238 2025 267 2077 et
281 2018 394 2094 copiam
410 2014 542 2076 diluendi
556 2015 716 2076 habuisset.
741 2033 792 2075 eos
803 2014 953 2077 codicillos
964 2016 1044 2077 Nero
1054 2036 1120 2097 pro-

110 2113 250 2187 peranter
273 2105 400 2182 accepit,
426 2121 478 2181 spe
502 2105 675 2163 exterritum
694 2102 854 2164 Thraseam
874 2107 1045 2187 scripsisse,
1067 2125 1122 2186 per

110 2212 185 2275 quae
209 2192 415 2252 claritudinem
439 2192 583 2270 principis
607 2192 761 2253 extolleret
785 2209 927 2272 suamque
946 2193 1054 2266 lamam
1073 2195 1121 2255 de-

109 2286 288 2344 honestaret.
316 2278 394 2358 quod
414 2278 466 2338 vvbi
485 2296 544 2339 noo
564 2283 660 2340 evenit
675 2279 847 2360 vultumque
862 2289 899 2367 et,
906 2283 1031 2360 spiritus
1046 2291 1076 2344 et
1089 2283 1122 2342 li-

110 2372 254 2432 bertatem
269 2369 395 2452 insontis
409 2365 487 2428 ultro
502 2370 651 2444 extimuit,
670 2372 766 2430 vocari
782 2380 882 2449 patres
896 2368 988 2430 iubet.

177 2455 227 2521 25.
242 2458 318 2519 Tum
328 2456 458 2517 Thrasea
467 2457 546 2518 inter
559 2459 710 2536 proximos
725 2457 909 2539 consultavit,
923 2465 1121 2537 temptaretne

110 2549 311 2611 defensionem
340 2563 376 2606 au
404 2553 567 2625 sperneret.
609 2547 723 2608 diversa
752 2546 875 2607 consilia
903 2546 1121 2609 adferebantur.

111 2639 219 2717 quibus
238 2637 344 2697 intrari
367 2638 480 2696 curiam
502 2633 648 2716 placebat,
672 2645 796 2697 'securos
815 2653 881 2696 esse
900 2635 936 2696 de
956 2639 1122 2698 constantia

110 2729 175 2787 eius
190 2726 353 2804 disserunt,
368 2722 442 2783 nihil
456 2722 618 2803 dicturum,
633 2725 691 2784 nisi
706 2741 764 2803 quo
779 2723 902 2803 gloriam
917 2731 1049 2802 augeret.
1077 2743 1121 2784 se-

83 2830 183 2894 sgnes
202 2820 232 2873 et
251 2811 371 2890 pavidos
394 2813 542 2889 supremis
565 2814 627 2872 suis
652 2821 800 2873 secretum
824 2813 1021 2874 circumdare:
1046 2815 1120 2892 aspi-

111 2908 192 2965 ceret
211 2899 338 2979 populus
362 2901 459 2959 virum
482 2903 571 2960 morti
594 2900 726 2982 obvium,
749 2901 866 2961 audiret
890 2909 1010 2962 senatus
1033 2918 1121 2962 voees

111 2994 196 3072 quasi
210 3009 245 3051 ex
260 2988 358 3067 aliquo
373 2990 493 3048 numine
510 3007 598 3070 supra
612 2990 768 3051 humanas:
787 3007 875 3066 posse
894 2991 959 3068 ipso
978 2989 1120 3051 miraculo

182 3179 227 3249 28,
249 3186 262 3233 1
283 3175 407 3233 Ostorius
426 3175 542 3246 lipsius
561 3181 605 3249 (eae
623 3195 644 3233 c.
664 3180 723 3248 33):
748 3176 838 3233 torius
858 3179 908 3245 (sie
925 3177 988 3232 item
1007 3194 1028 3233 o.
1048 3179 1095 3247 30)
1118 3177 1121 3248 l

112 3259 127 3306 2
155 3268 209 3320 quo
237 3250 407 3320 Nipperdey:
436 3264 492 3316 qua
516 3251 520 3318 Ι
544 3257 559 3304 6
588 3250 705 3304 evehere
732 3249 766 3303 P.
796 3250 934 3305 Victorius
961 3254 985 3303 et
1009 3248 1120 3303 Baiter:

112 3323 243 3378 oeuehere
262 3321 391 3390 (avehere
410 3319 510 3388 ol.)18
529 3319 710 3390 accipiendae
725 3321 762 3387 19
786 3321 819 3374 uh
841 3319 930 3376 versis
954 3317 991 3372 ed
1015 3334 1038 3373 e,
1057 3319 1123 3373 Aci-

112 3396 204 3450 dalius
219 3396 224 3464 l
240 3392 285 3460 24,
305 3399 321 3446 3
345 3390 463 3456 dimisit,
486 3407 533 3446 em.
553 3392 703 3447 Rhenanus
718 3393 755 3459 18
776 3407 830 3459 quo
855 3389 940 3444 dubie
958 3405 1015 3444 non
1034 3389 1121 3455 uenit,

111 3482 158 3520 een.
178 3466 248 3519 idem
264 3466 269 3534 Ι
285 3461 330 3530 25,
350 3471 365 3518 2
385 3480 422 3519 an
440 3463 595 3535 sperneret]
620 3465 782 3532 asperneret
797 3467 831 3531 {A
856 3459 996 3514 disserunt
1014 3460 1121 3516 Haase:

112 3535 242 3589 dixerunt
257 3536 261 3603 Ι
277 3533 369 3604 glou‘a
387 3537 460 3605 (fort.
480 3532 573 3600 glorie>
592 3534 765 3588 anamma*
783 3535 787 3556 '
849 3547 977 3586 ”me-nos
