2408 3870
128 177 193 242 196
479 175 790 233 coenuullutcffl
820 167 824 173 ’

127 328 234 386 minus.
271 324 330 385 illic
350 342 418 385 eum
441 324 679 404 adpropinquare
703 327 852 404 supremis
875 325 926 387 tali
949 327 1036 388 modo
1060 346 1143 389 com-

126 422 252 494 pertum.
286 418 350 474 erat
367 413 500 474 medicus
520 420 583 474 arte
601 415 739 493 insignis,
758 416 877 475 nomine
896 414 1059 495 Charicles,
1079 435 1142 478 non

127 503 246 582 quidem
264 519 368 581 regere
387 500 570 563 valetudines
592 503 736 580 principis
760 502 877 583 solitus,
901 503 1018 565 consilii
1039 512 1142 566 tamen

127 593 240 669 copiam
260 590 412 670 praebere.
444 592 470 650 is
490 589 570 651 velut
589 592 708 668 propria
727 590 763 651 ad
783 593 900 669 negotia
919 592 1089 671 digrediens
1109 603 1141 656 et

87 700 113 738 ro
127 698 181 759 per
200 681 330 758 speciem
349 678 440 738 officii
457 695 578 738 manum
596 677 767 757 complexus
790 678 910 757 pulsum
932 698 1072 742 venarum
1097 692 1140 743 at·

126 769 201 846 tigit.
229 784 326 846 neque
342 766 457 827 lefellit:
476 783 545 826 nam
557 764 704 848 Tiberius,
719 769 866 828 incertum
881 785 917 829 an
932 769 1062 831 offensus
1076 779 1140 831 tan·

126 865 216 934 toque
235 857 328 933 magis
347 856 421 914 iram
439 871 591 934 premens,
609 856 769 916 instaurari
788 857 890 935 epulas
908 857 992 919 iubet
1010 858 1140 920 discum-

73 954 76 958 ‘
126 943 229 1022 bitque
248 943 326 1004 ultra
345 942 478 1021 solitum,
498 944 583 1021 quasi
596 941 702 1003 honori
721 943 858 1005 abeuntis
877 947 964 1007 amici
981 946 1139 1009 tribueret,

128 1030 278 1092 Charicles
296 1039 395 1092 tamen
413 1030 472 1091 labi
490 1033 628 1108 spiritum
647 1049 702 1092 nec
722 1031 799 1094 ultra
818 1032 942 1095 biduum
959 1034 1139 1097 duraturum

88 1139 113 1178 u
127 1119 259 1180 Macroni
281 1120 417 1180 firmavit.
453 1119 521 1180 inde
545 1126 652 1181 cuncta
676 1120 842 1200 conloquiis
859 1124 939 1183 inter
956 1132 1139 1205 praesentes,

126 1210 239 1268 nuntiis
263 1208 341 1286 apud
365 1207 477 1286 legatos
503 1214 533 1268 et
551 1210 700 1269 exercitus
718 1208 942 1272 festinabantur.
979 1207 1139 1290 septimum

126 1296 275 1357 decimum
296 1295 352 1357 lral.
370 1296 480 1374 Aprilis
499 1296 659 1357 interclusa
678 1299 773 1359 anima
793 1299 926 1360 creditus
944 1307 991 1359 est
1008 1301 1138 1361 mortali-

127 1392 217 1445 tatem
236 1385 413 1464 explevisse;
432 1393 463 1445 et
481 1384 574 1446 multo
593 1382 761 1464 gratantum
780 1403 929 1448 concursu
943 1386 978 1447 ad
994 1389 1136 1466 capienda

125 1475 243 1552 imperii
261 1472 422 1553 p'rimordia
440 1473 530 1535 Caius
548 1472 656 1535 Caesar
677 1474 898 1556 egrediebatur,
919 1489 991 1536 ,cum
1013 1484 1137 1554 repente

86 1581 112 1621 eo
126 1562 259 1623 adfertur
281 1563 380 1623 redire
403 1561 523 1623 Tiberio
546 1580 648 1622 vocem
672 1580 707 1624 ac
729 1565 811 1624 visus
835 1564 993 1643 vocarique
1018 1567 1070 1643 qui
1092 1582 1138 1625 re·

126 1651 269 1712 creandae
288 1651 446 1712 defectioni
465 1649 564 1711 cibum
583 1649 741 1712 adferrent.
779 1669 870 1730 pauor
887 1650 957 1713 hinc
975 1654 1006 1712 in
1026 1670 1137 1733 omnes,

126 1747 156 1800 et
174 1742 266 1799 ceteri
284 1741 393 1818 passim
412 1739 556 1818 dispergi,
574 1757 607 1799 se
626 1741 753 1819 quisque
772 1746 918 1800 maestum
937 1748 989 1801 aut
1003 1744 1136 1802 nescium

125 1828 251 1908 tingere;
274 1828 381 1889 Caesar
403 1829 434 1887 in
458 1826 607 1900 silentium
631 1827 708 1888 fixus
730 1846 748 1887 a
772 1844 886 1889 summa
906 1846 958 1907 spe
978 1831 1136 1890 norissima

126 1915 307 1994 expectabat.
335 1914 433 1975 Macro
451 1915 618 1993 intrepidus
637 1917 765 1995 opprimi
782 1933 884 1977 senem
898 1918 1011 1978 iniectu
1027 1917 1136 1979 multae

86 2022 112 2062 25
126 2006 216 2063 vestis
230 2003 313 2063 iubet
327 2002 498 2081 discedique
512 2002 549 2063 ab
562 2002 671 2064 limine.
704 2006 748 2065 sic
762 2002 900 2066 Tiberius
919 2005 1014 2066 smivit
1032 2014 1135 2067 octavo

127 2098 157 2150 et
171 2093 387 2169 septuagesimo
402 2093 506 2151 aetatis
521 2108 606 2151 anno.

192 2175 243 2238 51.
271 2178 358 2238 Pater
385 2181 413 2239 ei
434 2177 513 2238 Nero
536 2186 566 2239 et
589 2180 738 2259 utrimque
762 2183 844 2261 origo
867 2182 966 2260 gentis
989 2181 1138 2264 Claudiae,

127 2284 302 2346 quamquam
317 2275 416 2327 mater
433 2269 465 2326 in
479 2267 591 2328 Liviam
610 2275 639 2328 et
652 2285 720 2328 mox
735 2268 839 2330 luliam
852 2269 991 2331 familiam
1006 2272 1137 2350 adoptio·

126 2354 214 2414 nibus
229 2357 387 2416 transierit.
415 2373 501 2416 casus
515 2358 609 2435 prima
624 2354 661 2417 ab
674 2357 796 2418 infantia
810 2360 968 2439 ancipites3
985 2376 1055 2420 nam
1070 2377 1137 2438 pro-

126 2446 270 2522 scriptum
284 2451 399 2523 patrem
413 2443 480 2505 exul
495 2451 629 2525 secutus,
643 2444 696 2506 ubi
709 2446 830 2506 domum
844 2446 970 2526 Augusti
982 2441 1138 2526 privignus

99 2534 252 2613 cintroiit,
275 2531 377 2593 multis
400 2532 523 2593 aemulis
546 2533 731 2595 conflictatus
754 2541 813 2614 est,
836 2534 908 2596 dum
926 2533 1084 2597 Marcellus
1108 2544 1139 2597 et

125 2620 266 2701 Agrippa,
284 2639 352 2682 mox
367 2621 456 2682 Caius
474 2621 644 2702 Luciusque
659 2621 800 2683 Caesares
818 2624 952 2704 viguere3
972 2625 1059 2684 etiam
1080 2625 1137 2685 sra-

126 2717 172 2769 ter
190 2713 254 2769 eius
269 2710 383 2770 Drusus
401 2713 590 2789 prosperiore
605 2712 714 2772 civium
729 2728 828 2771 amore
842 2716 913 2773 erat.
943 2711 995 2773 sed
1011 2714 1137 2774 maxime

125 2799 156 2857 in
175 2796 290 2858 lubrico
314 2800 375 2877 egit
397 2805 518 2877 accepta
535 2801 567 2859 in
586 2800 804 2860 matrimonium
823 2797 908 2881 Iulia,
932 2800 1138 2879 inpudicitiam

125 2887 227 2946 uxoris
246 2885 375 2947 tolerans
392 2895 444 2949 aut
462 2886 620 2949 declinans.
649 2887 717 2947 dein
731 2885 835 2948 Rhodo
854 2905 1010 2966 regressus
1028 2906 1138 2950 vacuos

85 2990 111 3032 ro
125 2975 270 3053 principis
290 2975 412 3055 penates
434 2975 590 3037 duodecim
610 2976 710 3055 anule,
733 2993 802 3036 mox
823 2978 869 3037 rei
889 2975 1036 3038 Romanae
1059 2977 1137 3039 arbi·

124 3065 216 3124 trium
235 3061 331 3125 tribus
350 3065 443 3124 ferme
462 3070 493 3123 et
511 3064 614 3141 viginti
628 3061 765 3125 obtinuit.
794 3082 910 3126 morum
930 3083 1049 3145 quoque
1062 3072 1137 3127 tem·

124 3169 196 3230 pora
210 3151 254 3212 illi
268 3152 397 3214 diversa:
416 3152 568 3228 egregium
581 3153 640 3212 vita
660 3151 809 3234 famaque,
827 3152 922 3231 quoad
942 3155 1076 3234 privatus
1090 3153 1137 3215 vel

194 3376 240 3441 tto,
255 3380 289 3430 2⁶
307 3373 399 3428 finivit
416 3371 505 3426 vilem
518 3372 663 3442 Heinsius,
681 3374 770 3428 uitem
787 3375 807 3432 f.
822 3375 914 3432 utun
929 3378 934 3446 l
949 3375 996 3444 51,
1011 3382 1026 3431 3
1045 3376 1136 3430 treno-

122 3447 198 3582 ldmd,
218 3446 337 3570 geleichet
362 3445 496 3512 Ernesti!
512 3449 528 3499 8
547 3442 713 3499 indidiciem
729 3451 733 3514 1
751 3451 785 3501 10
802 3444 943 3515 principes
958 3449 964 3516 Ι
981 3453 1014 3501 12
1034 3447 1136 3516 quaed,
