2392 3876
299 694 639 779 ὈΟΒΝΕΙᾹΙ
679 695 907 780 TAOITI

361 838 409 910 ΑΒ
431 838 600 910 Excusso
620 839 696 908 lllll
717 837 875 911 AUGUSTI

516 985 625 1040 LIBER
642 985 702 1043 XV.

178 1132 205 1196 1.
232 1133 348 1195 Interea
370 1153 423 1196 rex
445 1135 623 1196 Parthorum
646 1133 803 1213 Vologeses
831 1136 957 1214 cognitis
975 1134 1128 1202 Corbulo·

109 1227 156 1286 nis
179 1222 269 1285 rebus
292 1241 452 1303 regemque
474 1223 668 1303 alienigenam
686 1222 834 1303 Tigranen
852 1221 1007 1285 Armeniae
1027 1228 1127 1308 impo—

110 1317 213 1394 situm,
233 1312 321 1374 simul
339 1313 429 1373 fratre
444 1312 574 1373 Tiridate
593 1311 679 1391 pulso
699 1319 832 1390 spretum
851 1312 1126 1379 Arsacidarum'la-

109 1405 230 1482 stigium
244 1405 288 1463 ire
298 1400 394 1462 ultum
403 1400 512 1482 volens,
527 1400 728 1480 magnitudine
738 1418 859 1461 rursum
869 1399 999 1461 Romana
1009 1411 1040 1464 et
1051 1423 1126 1466 oon-

83 1514 95 1552 s
109 1494 187 1553 tinui
196 1491 324 1552 foederis
334 1493 499 1552 reverentia
509 1490 640 1550 diversas
650 1489 687 1550 ad
702 1507 789 1550 curas
803 1488 984 1571 trahebatur,
998 1503 1126 1556 cuneta-

109 1589 156 1642 tor
174 1581 292 1659 ingenio
312 1586 342 1639 et
361 1578 526 1640 delectione
544 1577 761 1658 Hyrcanorum,
784 1580 881 1657 gentis
900 1577 1026 1661 validae,
1045 1583 1125 1644 mul-

110 1671 207 1749 tisque
226 1685 262 1728 ex
281 1686 316 1729 eo
335 1665 421 1728 bellis
439 1666 587 1746 inligatus.
624 1674 712 1745 atque
735 1666 817 1728 illum
836 1665 1005 1746 ambiguum
1025 1686 1125 1732 novus

109 1761 232 1836 insuper
246 1758 368 1817 nuntius
383 1754 578 1817 contumeliae
593 1754 774 1816 exstimulat:
789 1757 899 1835 quippe
914 1772 1053 1834 egressus
1069 1763 1124 1820 Ar·

109 1850 205 1908 menia
220 1845 363 1923 Tigranes
376 1843 555 1925 Adiabenos,
573 1846 786 1906 conterminam
801 1851 851 1905 nat
838 1847 962 1925 tionem,
981 1844 1071 1907 latius
1087 1868 1123 1910 ae

70 1955 94 1994 ro
109 1935 221 1996 diutius
241 1951 329 2012 quam
347 1951 401 2011 per
415 1932 568 1994 latrocinia
582 1940 746 1994 vastaverat
750 1934 866 2012 ,idque
885 1934 1032 2012 primores
1050 1953 1124 2014 gen-

108 2025 183 2084 tium
203 2039 289 2109 aegre
308 2019 484 2081 tolerabant:
460 2029 543 2081 teo
566 2024 794 2099 contemptionis
817 2022 1005 2102 descensum,
1029 2032 1064 2084 ut
1083 2044 1122 2086 ne

109 2111 184 2171 duce
204 2109 324 2189 quidem
343 2107 472 2169 Romano
493 2110 730 2191 incursarentur,
750 2110 802 2172 sed
821 2112 987 2172 temeritate
1006 2111 1121 2174 obsidis

108 2206 153 2261 tot
175 2216 229 2278 per
253 2215 345 2258 annos
368 2199 446 2257 inter
469 2200 614 2277 mancipia
637 2197 738 2259 habiti.
785 2199 964 2261 accendebat
987 2199 1121 2263 dolorem

110 2305 213 2349 eorum
232 2285 422 2368 Monobazus,
446 2304 535 2366 quem
556 2305 649 2366 penes
667 2287 850 2350 Adiabenum
870 2290 1015 2369 regimen,
1039 2291 1119 2368 quod

70 2395 95 2436 15
109 2377 289 2457 praesidium
303 2384 355 2437 aut
368 2377 447 2437 unde
466 2383 581 2463 peteret
599 2379 739 2481 rogitans.
767 2380 825 2438 iam
844 2377 880 2438 de
894 2377 1031 2437 Armenia
1051 2397 1120 2439 con-

109 2485 241 2548 cessum,
260 2468 393 2546 proxima
408 2449 498 2546 trabi,
518 2473 548 2526 et
566 2467 624 2526 nisi
642 2466 801 2527 defendant
814 2465 929 2547 Parthi,
948 2465 1042 2526 levius
1057 2485 1119 2527 ser·

109 2559 136 2616 vi
138 2560 212 2618 tium
236 2555 313 2635 apud
332 2555 479 2616 Romanos
503 2555 610 2616 deditis
633 2572 722 2634 quam
744 2557 838 2634 captis
862 2573 936 2616 esse
973 2555 1120 2616 Tiridates

110 2663 227 2724 quoque
251 2647 335 2723 regni
357 2644 501 2723 profugus
524 2661 579 2723 per
597 2642 693 2704 silent
672 2651 747 2704 trum
766 2651 817 2705 aut
835 2644 949 2705 modice
968 2645 1119 2725 querendo

109 2735 225 2812 gravior
245 2740 320 2792 erat:
339 2751 399 2792 non
418 2735 497 2793 enim
516 2735 630 2812 ignavia
644 2749 748 2811 magna
763 2734 886 2811 imperia
901 2735 1061 2814 contineri;
1079 2736 1120 2794 vi-

70 2839 95 2877 ro
110 2839 212 2881 rorum
222 2838 431 2899 armorumque
441 2821 608 2883 laciendum
618 2828 782 2904 certamen3
796 2821 827 2882 id
837 2823 868 2882 in
878 2839 992 2882 summa
1002 2821 1121 2882 fortuna

110 2911 233 2990 aequius
257 2908 335 2988 quod
359 2907 497 2988 validius,
521 2917 551 2970 et
569 2928 622 2971 sua
641 2905 771 2971 retinere
789 2912 921 2989 privatae
941 2911 1060 2991 domus,
1084 2909 1120 2970 de

110 2999 213 3060 alienis
228 3005 342 3059 certare
357 2999 469 3075 regiam
482 2996 600 3059 laudem
615 3016 689 3060 esse.

176 3086 205 3149 2.
233 3087 326 3166 Igitur
355 3093 519 3146 commotus
546 3086 594 3147 his
617 3087 775 3167 Vologeses
798 3086 957 3149 concilium
980 3095 1065 3147 vocat
1092 3094 1122 3146 et

109 3179 276 3256 proximum
295 3175 353 3237 sibi
371 3174 523 3236 Tiridaten
542 3178 696 3237 constituit
715 3183 803 3255 atque
822 3179 863 3237 ita
882 3174 1010 3235 orditur:
1031 3171 1121 3235 ‘hune

181 3380 424 3451 neubrigensi
446 3379 560 3449 tigrane
585 3383 589 3449 Ι
616 3386 648 3435 18
667 3381 716 3432 aul
739 3379 900 3420 ”ernoldu-
928 3377 1005 3433 houd
1028 3378 1122 3448 (modo

109 3451 185 3506 haud
205 3453 308 3519 Sirlcer)
