2392 3876
124 165 191 230 314
474 161 645 219 CORNELII
660 163 780 220 ΤΑΟΙΤΙ

125 313 223 374 Sullae
237 313 391 393 Plautique
410 313 489 374 baud
504 314 670 394 confessus,
689 331 793 374 verum
806 315 965 393 utriusque
981 315 1136 378 turbidum

123 404 275 480 ingenium
289 421 363 483 esse,
377 410 407 462 et
421 401 479 462 sibi
492 402 722 463 incolumitatem
737 403 782 462 rei
795 401 930 481 publicae
944 420 1051 481 magna
1063 423 1137 466 cura

123 491 234 552 baberi.
254 492 389 552 decretae
400 508 435 551 eo
445 493 563 552 nomine
574 490 813 570 supplicationes,
822 498 915 569 utque
924 490 1004 552 Sulla
1013 492 1137 554 etPlau-

83 600 109 639 ao
123 588 172 641 tus
187 587 292 641 senatu
307 586 505 661 moverentur,
519 579 704 658 gravioribus
717 587 782 639 tum
795 578 932 640 ludibriis
943 598 1031 658 quam
1041 581 1136 643 malis.

191 667 241 731 60.
270 669 365 748 Igitur
387 675 509 747 accepto
532 674 650 746 patrum
673 666 821 748 consulto,
844 676 1002 747 postquam
1026 680 1137 732 cuneta

124 757 269 818 scelerum
289 775 411 817 suorum
430 774 484 835 pro
508 757 634 834 egregiis
659 758 753 835 accipi
776 756 867 837 videt,
891 757 1030 818 exturbat
1048 757 1135 820 Octa-

124 849 212 925 viam,
232 845 363 906 sterilem
377 845 528 925 dictitaus3
548 847 626 904 exim
640 844 792 924 Poppaeae
807 847 1005 924 coniungitur.
1034 864 1069 907 ea
1084 848 1137 909 diu

123 934 226 1014 paelex
247 942 276 994 et
295 933 422 994 adulteri
434 932 575 1014 Neronis,
592 951 661 993 mox
680 935 779 994 mariti
797 941 916 1015 potens,
935 935 1085 1013 quendam
1100 955 1136 998 ex

96 1024 267 1083 aministris
282 1020 418 1083 Octaviae
436 1021 554 1100 impulit
573 1022 710 1082 servilem
728 1025 756 1083 ei
774 1041 903 1084 amorem
922 1022 1051 1084 obicere.
1087 1025 1136 1086 de-

123 1113 309 1190 stinaturque
330 1129 401 1171 reus
422 1118 616 1189 cognomento
637 1110 802 1193 EucaeruS‚
823 1113 940 1171 natione
961 1110 1136 1175 Alexandri·

123 1217 189 1279 nus,
203 1216 309 1260 canere
323 1198 404 1260 tibiis
419 1199 532 1260 doctus.
563 1208 643 1260 actae
659 1198 696 1259 ob
710 1199 739 1260 id
755 1199 791 1260 de
806 1199 920 1260 ancillis
935 1203 1136 1284 quaestiones,

123 1295 154 1348 et
168 1291 195 1348 ri
210 1295 425 1349 tormentorum
439 1290 524 1349 victis
540 1288 724 1369 quibusdam,
739 1296 773 1348 ut
787 1288 859 1349 salsa
871 1289 1050 1371 adnuerent,
1069 1290 1135 1370 plu·

123 1394 172 1438 res
194 1379 352 1456 perstitere
376 1379 562 1438 sanctitatem
585 1377 719 1437 dominae
748 1379 841 1458 tueri3
873 1396 909 1439 ex
937 1378 1047 1457 quibus
1075 1399 1136 1441 una

84 1486 110 1525 10
123 1468 245 1527 instanti
259 1465 402 1545 Tigellino
422 1467 547 1526 castiora
566 1483 631 1527 esse
650 1465 805 1526 muliebria
824 1465 960 1527 Octaviae
979 1469 1136 1546 respondit

124 1574 211 1635 quam
231 1574 263 1615 os
283 1558 355 1615 eius
391 1561 527 1616 movetur
549 1562 647 1615 tamen
669 1556 765 1633 primo
785 1554 879 1615 civilis
898 1555 1015 1615 discidii
1033 1561 1135 1636 specie

123 1644 301 1723 domumque
316 1643 417 1723 Burri,
432 1643 551 1724 praedia
564 1642 674 1724 Plauti,
693 1643 820 1704 inlausta
834 1642 910 1703 dona
925 1645 1046 1722 accipit:
1064 1664 1135 1706 mox

123 1735 154 1792 in
168 1732 356 1811 Campaniam
369 1731 454 1810 pulsa
468 1739 514 1791 est
528 1730 626 1792 addita
639 1730 760 1791 militari
774 1732 915 1792 custodia.
932 1733 1013 1797 ‚inde
1032 1734 1135 1794 crebri

124 1830 247 1899 questus
257 1839 313 1880 nec
323 1819 433 1881 occulti
441 1838 495 1899 per
507 1819 633 1901 vulgum,
648 1821 698 1881 cui
711 1821 808 1880 minor
822 1822 965 1898 sapientia
979 1827 1008 1881 et
1022 1839 1058 1881 ex
1072 1841 1135 1883 me-

83 1929 109 1968 rs
124 1911 278 1970 diocritate
298 1910 432 1970 fortunae
451 1911 591 1988 pauciora
611 1908 742 1987 pericula
764 1916 841 1969 sunt.
875 1907 923 1968 his
942 1907 1034 1990 Nero,
1059 1918 1134 1970 tam-

124 2017 211 2077 quam
224 2000 405 2076 paeuitentia
418 1997 534 2078 flagitii,
553 2000 709 2074 coniugem
722 1999 870 2058 revocavit
884 1997 1042 2057 Octaviam.

189 2084 241 2146 61.
260 2085 345 2145 Exim
364 2086 433 2146 laeti
447 2085 622 2163 Capitolium
642 2085 788 2146 scandunt
802 2085 932 2165 deosque
951 2085 1071 2146 taudem
1086 2107 1134 2148 ve-

122 2181 273 2233 nerantur.
314 2167 426 2252 effigies
454 2173 606 2251 Poppaeae
636 2181 796 2255 proruunt,
825 2173 961 2234 Octaviae
989 2177 1134 2253 imagines

122 2268 238 2339 gestant
260 2263 384 2342 umeris,
408 2269 551 2340 spargunt
575 2261 699 2322 floribus
724 2263 847 2342 loroque
872 2281 906 2324 ae
932 2262 1049 2341 templis
1076 2274 1133 2326 sta-

122 2356 219 2410 tuunt.
242 2346 334 2430 †itur
344 2351 432 2409 etiam
443 2352 472 2410 in
482 2351 627 2429 principis
636 2350 738 2412 laudes
748 2353 908 2430 repetitum
918 2355 1131 2414 venerantium.

96 2440 240 2517 uiamque
261 2445 290 2498 et
308 2438 452 2498 Palatium
470 2437 660 2500 multitudine
684 2447 714 2499 et
736 2438 913 2500 elamoribus
938 2441 1132 2522 complebant,

122 2546 191 2589 cum
201 2529 302 2588 emissi
312 2527 437 2587 militum
448 2525 528 2603 globi
541 2527 716 2588 verberibus
731 2535 761 2587 et
774 2530 888 2588 intento
903 2527 982 2588 lerro
996 2529 1132 2590 turbatos

122 2616 274 2678 disiecere.
302 2623 472 2695 mutataque
492 2632 567 2694 quae
586 2634 639 2694 per
654 2615 828 2677 seditionem
843 2624 1000 2697 verterant,
1015 2626 1045 2678 et
1058 2619 1133 2698 Pop-

192 2804 433 2872 59‚18magnae
456 2819 538 2858 curce
557 2803 692 2860 Heinsius
714 2805 719 2873 l
744 2810 779 2860 20
803 2806 864 2859 ium
888 2822 953 2862 noe:
977 2807 1039 2860 iem
1064 2806 1133 2874 (iam

121 2873 150 2927 A
168 2874 262 2940 risela,
281 2875 377 2927 umen
396 2876 443 2943 el.)
466 2877 470 2939 l
493 2874 539 2941 oo,
559 2881 575 2929 6
598 2873 795 2943 alexandrina,
818 2893 866 2931 em.
885 2875 1001 2947 Lipsius
1016 2879 1021 2946 l
1038 2884 1053 2931 7
1071 2894 1133 2947 per-

121 2891 214 3012 tybias
234 2942 334 3012 (perite
352 2943 426 2998 tibia
443 2944 590 3013 Heinsius,
616 2961 685 3014 puer
703 2944 782 3000 tibiis
801 2947 903 3019 Ritter)
924 2955 929 3016 Ι
952 2953 968 3002 8
986 2950 1019 3002 ue
1037 2949 1133 3005 Peteo-

122 3017 215 3070 lancs:
235 3015 259 3068 si
275 3016 279 3084 Ι
297 3021 329 3068 11
349 3016 494 3068 amovetur
508 3015 637 3070 Faernus
652 3019 657 3086 t
675 3023 707 3070 13
725 3016 881 3087 campania,
900 3035 948 3076 em.
964 3019 1134 3074 Puteolanus

120 3086 183 3211 ΒΜ
202 3089 231 3140 et
249 3101 284 3140 ex
301 3087 384 3140 idem:
404 3100 438 3138 ex
462 3091 479 3153 t.
492 3093 524 3141 15
545 3103 715 3155 quamquem
739 3103 807 3142 nero
833 3088 931 3158 (Nero,
954 3103 1134 3156 nequaquam

152 3158 284 3224 dderlein,
311 3158 373 3224 sort
399 3172 570 3225 quamquam
592 3157 666 3212 Nero
694 3158 792 3227 procul
819 3161 881 3213 erat
906 3175 924 3213 a
950 3157 1134 3229 paenitentia,

120 3227 166 3282 his
181 3270 187 3284 .
203 3269 211 3283 .
226 3269 231 3281 .
246 3230 391 3297 tamquam
409 3226 485 3282 Nero
499 3246 530 3311 p.⁸
542 3227 561 3282 f.
577 3246 599 3283 c.
614 3228 754 3283 revocarit
768 3230 936 3311 Nipperdey)
953 3233 957 3295 Ι
973 3228 1019 3294 61,
1034 3235 1050 3282 2
1069 3249 1133 3311 pro·

120 3297 1135 3450 deltttttlltlttdtdttltttttftttlffttfttdtti

120 3439 152 3494 in
170 3438 305 3510 principia
325 3442 408 3494 aedes
434 3439 534 3494 laudes
557 3441 709 3510 repetitum
734 3439 925 3496 venerarierm
945 3441 1004 3496 coil.
1024 3445 1070 3505 12,
1089 3449 1133 3512 37,

121 3515 209 3579 1417
228 3512 338 3565 mutata
356 3526 491 3580 quaeque,
510 3528 558 3567 em.
575 3513 735 3569 Puteolano
