2392 3876
111 163 156 227 24
459 157 628 216 CORNELII
645 152 765 216 dodim

109 314 158 374 bie
172 321 287 374 tantum
300 311 428 373 interfici
439 312 637 390 centuriones,
652 311 709 369 eici
718 309 863 392 tribunos,
877 313 990 375 includi
999 315 1124 400 legatos,

110 403 218 463 inlecta
232 403 375 480 sanguiue
385 406 491 480 castra,
500 398 629 479 llumina,
643 415 750 477 meque
760 402 924 476 precariam
934 405 1063 464 animam
1078 408 1124 467 iu·

110 500 156 551 ter
169 491 302 551 infensos
315 489 442 549 trahere.

175 576 227 640 43.
246 579 307 640 Cur
320 576 399 638 enini
413 579 510 655 primo
524 578 671 637 contionis
685 576 733 637 die
747 577 860 638 lerrum
874 578 960 659 illud,
975 581 1056 659 quod
1072 601 1123 661 pe·

110 670 186 729 ctori
204 686 270 728 meo
289 667 412 744 infigere
430 664 582 745 parabam,
606 665 789 745 detraxistis,
809 685 826 726 o
845 668 993 745 inprovidi
1012 668 1123 732 amici?

109 757 215 819 melius
240 762 270 815 et
293 755 438 814 amantius
461 753 510 814 ille
534 755 587 832 qui
609 752 737 831 gladium
762 753 911 816 offerebat.
944 757 1138 829 cecidissem,

110 851 191 905 certe
206 842 337 903 nondum
352 849 397 902 tot
415 842 594 919 llagitiorum
614 843 759 902 exercitui
777 859 843 903 meo
862 846 1016 924 conscius,
1034 846 1123 924 legis·
1161 873 1165 882 ·

83 951 95 989 a
112 934 183 992 setis
204 932 323 1012 ducem,
346 932 398 1008 qui
417 948 512 990 meam
531 929 651 1008 quidem
669 933 796 990 mortem
813 932 978 1009 inpunitam
998 936 1123 1016 sineret,

111 1020 178 1080 Vari
196 1026 294 1080 umen
313 1024 343 1078 et
361 1020 453 1078 trium
469 1018 618 1096 legionum
637 1018 841 1079 ulcisceretur,
873 1037 970 1099 neque
990 1023 1073 1083 enim
1092 1023 1124 1085 di

111 1111 208 1169 sinant
217 1115 251 1168 ut
260 1106 415 1185 Belgarum
427 1123 604 1185 quamquam
614 1107 800 1167 offerentium
815 1107 906 1168 decus
920 1109 1002 1169 istud
1016 1119 1049 1170 et
1057 1111 1124 1172 bla-

111 1197 209 1258 ritudo
224 1198 275 1276 sit,
295 1195 467 1255 subvenisse
482 1194 613 1254 Romano
627 1196 753 1274 nomini,
772 1199 984 1274 compressisse
1000 1198 1125 1260 Germa-

110 1288 176 1346 niae
194 1283 328 1363 populos.
361 1292 424 1363 tua,
448 1283 514 1342 dive
532 1282 677 1363 Auguste,
701 1283 782 1343 caelo
801 1291 920 1363 recepta
937 1303 1037 1366 mens,
1062 1296 1126 1369 tua,

71 1382 194 1453 ropater
208 1372 317 1452 Druse,
335 1374 443 1460 imago,
462 1373 508 1431 tui
524 1373 666 1431 memoria
684 1371 779 1431 isdem
797 1375 863 1433 istis
882 1391 951 1434 cum
964 1374 1126 1458 militibus,
1141 1367 1146 1375 ’

111 1481 185 1543 quos
199 1464 265 1522 iam
276 1462 373 1540 pudor
391 1468 422 1521 et
439 1459 531 1539 gloria
550 1462 653 1538 intrat,
673 1459 772 1520 eluant
790 1460 866 1520 hanc
884 1460 1031 1522 maculam
1051 1466 1128 1525 iras·

111 1570 168 1631 que
183 1550 284 1612 civiles
298 1553 328 1612 in
343 1551 466 1611 exitium
484 1548 619 1610 hostibus
634 1555 756 1609 vertant.
785 1568 836 1609 vos
851 1568 978 1630 quoque,
993 1569 1127 1630 quorum

111 1640 165 1701 alia
194 1659 272 1701 nunc
300 1657 363 1720 ora,
391 1638 447 1698 alia
474 1647 595 1716 pectora
622 1644 779 1713 contueor,
806 1640 833 1698 si
857 1637 969 1716 legatos
996 1644 1127 1721 senatui,

110 1729 286 1808 obsequium
305 1728 490 1806 imperatori,
514 1728 540 1785 si
557 1725 631 1785 mihi
649 1727 805 1803 coniugem
825 1725 967 1786 etlilium
986 1727 1127 1810 redditis,

71 1835 96 1874 15
111 1818 253 1878 discedite
270 1834 286 1875 a
300 1823 437 1877 contactu
453 1833 486 1875 ac
501 1814 622 1875 dividite
636 1812 786 1874 turbidos:
806 1813 837 1874 id
852 1813 956 1875 stabile
969 1815 1008 1875 ad
1022 1821 1127 1894 paeni·

112 1907 246 1984 tentiam,
260 1903 291 1962 id
306 1904 376 1963 fidei
390 1902 541 1964 vinculum
555 1898 632 1963 erit'

177 1989 228 2052 44.
253 1991 408 2069 Supplices
432 1992 468 2051 ad
491 1991 564 2051 baec
584 2000 615 2050 et
632 2009 700 2051 vera
720 1991 894 2070 exprobrari
911 1991 1040 2053 latentes
1061 2013 1127 2055 ora·

111 2081 182 2141 bant
200 2081 321 2158 puniret
339 2082 455 2158 noxios,
473 2082 641 2157 ignosceret
660 2079 751 2158 lapsis
765 2086 795 2140 et
809 2079 932 2140 duceret
946 2082 977 2139 in
992 2080 1127 2144 hostem:

113 2174 302 2229 revocaretur
321 2170 463 2247 coniunx,
486 2169 598 2228 rediret
616 2167 767 2245 legionum
785 2167 922 2228 alumnus
940 2186 1015 2229 neve
1035 2187 1128 2249 opses

112 2258 203 2318 Gallis
216 2255 393 2317 traderetur.
420 2256 549 2317 reditum
563 2257 741 2334 Agrippinae
761 2259 911 2317 excusavit
924 2255 963 2317 ob
977 2257 1128 2319 inminen-

86 2355 172 2406 stem
191 2352 308 2423 partum
327 2351 357 2404 et
375 2344 516 2424 biemem3
539 2351 698 2404 venturum
716 2345 822 2404 tilium:
846 2352 945 2404 cetera
962 2346 1022 2422 ipsi
1042 2364 1126 2407 exse·

113 2441 283 2514 querentur.
320 2432 494 2494 discurrunt
516 2433 623 2493 mutati
644 2439 674 2492 et
697 2433 955 2493 seditiosissimum
974 2450 1128 2514 quemque

113 2526 226 2584 vinctos
247 2521 369 2584 trahunt
388 2521 424 2581 ad
446 2520 574 2599 legatum
594 2520 719 2598 legionis
740 2523 853 2600 primae
874 2520 904 2581 C.
924 2520 1128 2604 Caetronium,

114 2615 164 2691 qui
178 2612 321 2672 iudicium
340 2617 371 2671 et
388 2627 499 2689 poenas
513 2608 550 2669 de
564 2608 688 2686 singulis
702 2611 732 2669 in
748 2610 827 2669 hunc
846 2610 966 2669 modum
980 2613 1128 2673 exercuit,

114 2699 230 2760 stabant
243 2718 298 2778 pro
313 2701 451 2759 contione
465 2697 596 2777 legiones
611 2697 762 2757 destrictis
776 2697 894 2777 gladiis3
915 2715 984 2757 reus
1005 2699 1036 2758 in
1056 2716 1127 2778 sug·

74 2797 200 2866 regestu
223 2806 276 2866 per
299 2787 453 2848 tribunum
477 2784 701 2846 ostendebatur:
726 2789 752 2846 si
769 2792 925 2846 nocentem
945 2785 1128 2849 adclamave-

114 2885 193 2956 rant,
212 2893 355 2955 praeceps
370 2876 456 2936 datus
470 2874 683 2935 trucidabatur.
712 2882 742 2935 et
756 2873 902 2953 gaudebat
915 2873 1058 2935 caedibus
1073 2876 1129 2936 mi·

114 2965 169 3044 les,
189 2974 338 3043 tamquam
352 2971 447 3024 semet
459 2962 638 3042 absolveret3
657 2981 712 3023 nec
727 2962 835 3024 Caesar
853 2961 985 3041 arcebat,
1006 2964 1130 3042 quando

114 3054 195 3114 nullo
209 3054 303 3132 ipsius
318 3054 402 3112 iussu
416 3070 508 3131 penes
523 3051 642 3111 eosdem
657 3053 775 3111 saevitia
791 3051 861 3111 iacti
875 3058 905 3110 et
923 3049 1032 3110 invidia
1054 3060 1131 3114 erat

116 3144 211 3204 secuti
225 3140 393 3219 exemplum
406 3142 538 3200 veterani
551 3138 630 3199 haud
640 3138 733 3199 multo
742 3147 811 3217 post
820 3140 850 3198 in
861 3139 993 3200 Raetiam
1002 3141 1130 3202 mittun-

75 3247 100 3287 1o
115 3240 178 3311 tur,
205 3232 303 3310 specie
327 3228 528 3288 defendendae
548 3229 718 3306 provinciae
739 3226 777 3287 ob
799 3228 980 3288 imminentis
1002 3227 1133 3310 Suebos,

115 3330 248 3380 ceterum
267 3325 301 3380 ut
320 3316 518 3379 avellerentur
537 3317 642 3376 castris
666 3314 802 3375 trucibus
826 3315 921 3377 adhuc
946 3333 1005 3376 non
1028 3321 1134 3381 minus

185 3507 231 3574 43,
253 3514 285 3562 12
304 3522 409 3575 vosque
428 3522 546 3574 quorum
565 3505 724 3574 Nipperdev
