2392 3876
129 158 194 223 226
478 155 648 213 CORNELII
665 155 783 212 raom
886 185 887 188 =

128 311 160 369 in
174 310 272 369 armis.
289 310 339 368 ‘sie
353 307 457 387 pulsus
471 307 575 386 hostis,
589 314 769 386 ventumque
784 305 895 389 Sozam,
910 307 1056 387 oppidum
1068 308 1146 371 Dau-

128 398 253 479 darloae,
268 397 346 476 quod
361 397 512 457 desertum
522 395 716 457 ablithridate
731 394 768 456 oh
783 394 935 474 ambiguos
949 396 1145 476 popularium

72 563 74 565 .
102 502 114 542 s
129 488 242 547 animos
261 487 390 564 optineri
408 485 512 545 relicto
530 483 572 545 ibi
586 484 734 563 praesidio
748 486 852 545 visum.
881 487 958 545 exim
972 487 1005 546 in
1021 485 1145 549 Siracos

128 581 266 654 pergunt,
280 582 311 635 et
324 575 503 652 transgressi
516 591 631 633 amnem
641 571 769 633 Pandam
780 574 1018 635 circumveniunt
1028 574 1145 637 ‘urbem

129 664 237 745 Uspen,
251 662 359 724 editam
373 662 437 723 loco
452 669 482 722 et
495 660 651 722 moenibus
665 679 699 722 ac
709 660 801 721 'fossis
815 664 971 745 munitam,
986 663 1047 723 nisi
1063 666 1144 744 quod

128 755 243 813 moenia
253 769 311 812 non
327 769 405 830 saxo,
420 750 471 810 sed
487 748 618 810 cratibus
633 757 663 810 et
676 751 814 811 vimentis
829 768 863 811 ac
878 750 973 811 media
988 751 1084 813 humo
1095 753 1144 814 ad·

130 858 247 902 versum
261 843 464 918 inrumpentes
478 838 604 898 invalida
618 846 717 899 erant·
709 838 920 920 ,eductaeque
934 838 1024 900 altius
1039 849 1144 903 turres

89 949 114 989 1o
129 928 242 990 facibus
256 935 345 1007 atque
358 927 451 988 hastis
465 926 625 988 turbabant
638 884 785 988 obse‘ssos.
813 946 847 989 ac
866 930 897 988 nl
916 928 1067 1006 proelium
1086 948 1145 991 nox

128 1019 296 1078 diremisset
300 1023 431 1096 ,coepta
445 1023 618 1095 patrataque
633 1017 811 1095 expugnatio
826 1015 952 1077 eundem
967 1019 1048 1117 intra
1064 1019 1144 1081 diem

129 1106 214 1166 soret.

123 1193 126 1200 '
192 1192 241 1256 17.
268 1187 390 1254 Postero
413 1195 521 1254 misere
544 1193 668 1273 legatos,
696 1195 812 1254 veniam
835 1193 937 1255 liberis
960 1196 1144 1274 corporibus

128 1291 259 1344 orantes:
274 1284 387 1343 servitii
400 1282 503 1344 decem
516 1282 597 1343 milia
611 1281 781 1343 offerebant.
810 1282 889 1362 quod
904 1285 1057 1360 aspernati
1072 1295 1145 1348 sunt

128 1375 265 1454 victores,
279 1373 349 1451 quia
361 1371 511 1434 trucidare
526 1371 642 1432 deditos
652 1389 780 1446 saevum,
794 1378 905 1432 tantam
915 1370 1143 1436 multitudinem

128 1461 263 1524 custodia
285 1462 404 1539 cingere
427 1460 567 1522 arduum:
598 1460 669 1522 belli
691 1461 791 1540 potius
818 1462 885 1520 iure
908 1459 1065 1543 caderent,
1095 1463 1144 1524 da-

102 1569 114 1609 5
128 1561 250 1630 tumque
265 1549 421 1631 militibus,
440 1551 492 1629 qui
506 1549 592 1610 scalis
606 1557 774 1630 evaserant,
793 1551 910 1627 signum
925 1550 1034 1610 caedis.
1064 1555 1144 1612 exci-

104 1677 106 1681 -
128 1642 176 1702 dio
190 1639 368 1718 Uspensium
381 1646 478 1699 metus
493 1640 600 1699 ceteris
614 1639 754 1718 iniectus,
769 1636 843 1698 nihil
857 1645 954 1698 tutum
969 1640 1058 1720 ratis,
1073 1659 1144 1702 cum

128 1747 221 1810 arma,
239 1729 434 1808 munimenta,
453 1726 588 1805 impediti
606 1727 652 1787 vel
671 1729 834 1788 eminentes
852 1726 910 1788 loci
929 1744 1093 1807 amnesque
1114 1741 1146 1792 et

128 1819 218 1880 urbes
237 1820 318 1878 iuxta
336 1823 610 1895 perrumperentur.
638 1817 730 1895 igitur
746 1815 891 1896 Zorsines,
909 1814 961 1876 diu
980 1819 1145 1900 pensitato,

128 1907 344 1967 Mithridatisne
371 1903 462 1966 rebus
489 1906 629 1965 extremis
657 1923 694 1965 an
721 1906 817 1984 patrio
845 1920 936 1983 regno
960 1904 1145 1989 consuleret,

89 2013 115 2052 10
128 2002 283 2074 postquam
298 1992 462 2072 praevaluit
474 1992 593 2071 gentilis
607 1992 732 2074 utilitas,
746 1993 822 2053 datis
837 1992 991 2053 obsidibus
1004 1994 1085 2073 apud
1101 1997 1145 2056 el*

128 2085 226 2162 tiglem
245 2081 378 2142 Caesaris
396 2079 569 2161 procubuit,
592 2098 697 2160 magna
720 2081 813 2160 gloria
837 2083 987 2142 exereitus
1005 2081 1144 2166 Romani,

129 2190 220 2251 quem
230 2173 419 2231 incruentum
434 2177 465 2230 et
478 2171 620 2230 victorem
638 2170 731 2230 tridui
750 2171 857 2231 itinere
875 2169 986 2231 aluisse
1000 2170 1038 2232 ab
1054 2191 1144 2234 amne

128 2261 220 2320 Tanai
233 2259 374 2320 constitit.
402 2258 454 2319 sed
468 2260 500 2319 in
514 2275 654 2338 regressu
668 2258 767 2338 dispar
781 2258 900 2319 fortuna
914 2259 983 2338 luit,
1004 2261 1074 2339 quia
1090 2280 1144 2323 na·

129 2352 208 2411 vium
223 2347 364 2453 quasdam
383 2342 507 2431 (quippe
521 2349 596 2409 mari
614 2343 826 2430 remeabant)
818 2364 849 2408 1n
867 2346 955 2409 litora
968 2347 1144 2412 Taurorum

90 2455 115 2496 15
129 2438 239 2500 delatas
253 2440 475 2499 circumvenere
489 2436 620 2519 barbari,
634 2437 783 2516 praelecto
798 2435 929 2497 cohortis
944 2444 974 2497 et
987 2435 1145 2518 plerisque

129 2527 316 2591 auxiliarium
329 2525 503 2587 interfectis

199 2615 247 2680 18.
261 2617 377 2677 Interea
390 2614 575 2677 Mithridates
588 2615 693 2677 nullo
684 2615 820 2676 inarmis
834 2612 965 2676 subsidio
981 2613 1145 2699 consultat,

130 2709 215 2766 ouius
229 2705 462 2766 misericordiam
478 2706 672 2784 experiretur.
696 2703 787 2765 irater
800 2702 896 2782 Cotys,
910 2701 1047 2782 proditor
1060 2703 1145 2782 olim,

110 2842 112 2847 .
129 2793 236 2854 deinde
250 2793 357 2874 hostis,
376 2793 575 2854 metuebatur:
593 2792 793 2853 Romanorum
808 2810 894 2852 nemo
908 2791 938 2852 id
953 2793 1144 2856 auctoritatis

130 2880 239 2962 aderat,
253 2889 287 2941 ut
301 2884 445 2959 promissa
459 2884 523 2943 eius
533 2880 850 2960 magnipenderentur.
869 2875 906 2941 ad
916 2879 1062 2941 Eunonen
1070 2899 1144 2944 con·

104 2972 232 3051 evertit,
250 2971 380 3048 propriis
399 2970 475 3030 odiis
493 2987 554 3031 aon
573 2969 721 3031 intensum
741 2976 771 3030 et
789 2986 894 3031 recens
912 2969 1070 3030 coniuncta
1091 2990 1144 3032 no·

130 3060 245 3122 hiscum
256 3058 383 3119 amicitia
392 3058 529 3118 validum.
552 3059 644 3137 igitur
658 3057 740 3119 cultu
754 3056 897 3138 uultuque
911 3074 1000 3137 quam
1013 3061 1144 3122 maxime
1176 3123 1180 3130 ,

131 3149 166 3210 ad
185 3153 371 3229 praesentem
389 3146 538 3207 fortunam
557 3155 724 3226 comparato
743 3149 854 3226 regiam
872 3146 1041 3225 ingreditur
1059 3151 1144 3226 geni

202 3302 248 3369 lo,
262 3306 403 3357 bscmeos
419 3300 423 3371 l
440 3299 485 3367 17,
501 3301 681 3369 lpostremo,
700 3317 747 3356 em.
757 3299 873 3373 Lipsius
888 3301 893 3370 Ι
909 3296 1146 3358 thathumeri.

130 3376 164 3428 ut
184 3372 254 3428 belli
283 3375 288 3442 Ι
316 3372 584 3453 8perrumpentur,
607 3388 655 3429 em
675 3371 826 3428 Rhenanus
854 3375 859 3440 1
889 3376 924 3426 14
946 3368 1013 3439 quip
1068 3369 1146 3443 Nip-

128 3446 240 3516 perdep·
261 3448 404 3514 quaetio
423 3441 602 3497 auxiliarium
624 3389 1147 3513 repetes.eonsitiarinmtr,snon

130 3517 194 3572 odd.
214 3515 356 3587 Apricolc,
374 3512 538 3570 inoffensum
566 3514 610 3564 tem
646 3515 793 3564 ταωνι
931 3540 936 3549 2
