2392 3876
130 178 196 242 330
480 174 651 231 CORNELII
667 174 785 232 ruerat

131 344 218 405 quam
232 324 323 387 rebus
336 327 461 404 integris
471 323 628 405 scribebat,
642 326 842 402 interrogatus
851 327 997 405 centurio,
1014 329 1157 405 quicum

129 415 234 492 legatis
256 414 427 495 advenerat,
451 431 510 492 quo
532 416 563 474 in
582 420 662 475 statu
680 413 818 474 Armenia
836 420 929 494 esset,
951 431 1061 476 omnes
1080 416 1156 477 inde

130 502 278 564 Romanos
308 503 472 563 excessisse
501 502 664 580 respondit.
709 509 774 562 tum
802 499 952 563 intellecto
981 501 1154 565 barbarum

104 608 117 648 o
131 594 235 671 inrisu,
250 593 302 670 qui
316 598 453 670 peterent
462 590 540 669 quod
551 593 732 670 eripuerant,
746 588 896 651 consuluit
905 591 985 652 inter
994 594 1152 670 primores

131 683 259 742 civitatis
273 680 360 760 Nero,
375 679 485 741 bellum
500 696 610 757 anceps
624 696 661 739 an
674 696 731 758 pau
746 677 902 740 inhonesta
914 677 1059 758 placeret
1093 699 1151 743 nec

131 769 298 831 dubitatum
316 768 353 829 de
372 767 458 829 bello.
490 775 520 829 et
538 766 667 829 Corbulo
685 767 815 828 militum
832 774 920 847 atque
942 766 1079 830 bostium
1104 779 1151 832 tot

131 876 186 939 per
199 875 293 919 annos
307 874 417 936 gnarus
431 855 577 935 gerendae
592 858 637 918 rei
650 857 833 938 praeficitur,
856 873 895 917 ne
914 858 1001 918 cuius
1020 857 1149 921 alterius

132 949 249 1009 inscitia
263 963 384 1005 rursum
398 952 581 1026 peccaretur,
596 947 666 1025 quia
679 945 762 1006 Paeti
776 947 920 1024 piguerat.
947 947 1043 1026 igitur
1061 948 1149 1009 inriti

93 1053 118 1091 ιο
131 1037 337 1112 remittuntur,
356 1051 424 1094 cum
444 1033 529 1094 donis
547 1041 658 1114 tamen,
677 1034 756 1095 unde
775 1051 844 1113 spes
858 1034 943 1094 lieret
956 1051 1018 1095 non
1033 1034 1148 1098 trustra

71 1153 77 1165 ·
131 1123 234 1184 eadem
253 1129 407 1183 oraturum
420 1121 585 1204 Tiridaten,
604 1125 631 1186 si
643 1140 748 1202 preces
762 1123 826 1201 ipse
840 1121 996 1185 attulisset.
1027 1121 1148 1186 Suriae

132 1230 190 1291 que
205 1212 340 1272 executio
355 1210 385 1272 C.
400 1210 507 1292 Cestio,
522 1214 623 1290 copiae
637 1211 781 1272 militares
795 1210 956 1273 Corbuloni
968 1214 1149 1296 permissae,

132 1307 162 1362 et
180 1301 283 1380 quinta
302 1300 426 1361 decuma
443 1300 520 1381 legio
535 1301 662 1362 ducente
676 1300 768 1360 Mario
788 1299 872 1361 Celso
891 1298 1075 1362 el'annonia
1096 1302 1148 1364 ad·

131 1393 208 1452 iacta
231 1397 285 1450 est,
322 1390 464 1451 scribitur
488 1389 648 1450 tetrarchis
672 1407 706 1450 ac
729 1388 850 1468 regibus
874 1388 1098 1470 praefectisque
1118 1399 1149 1452 ct

93 1493 118 1533 15
132 1478 376 1559 procuratoribus
395 1487 426 1539 et
444 1481 495 1558 qui
513 1486 684 1557 praetorum
706 1478 846 1538 finitimas
869 1479 1038 1557 provincias
1061 1496 1149 1559 rege·

132 1569 212 1647 bant,
226 1569 317 1627 iussis
327 1566 504 1628 Corbulonis
514 1566 647 1648 obsequi,
657 1569 814 1627 intantum
824 1566 916 1627 ferme
926 1566 1048 1628 modum
1058 1577 1149 1630 aucta

133 1663 292 1737 potestate,
312 1674 400 1735 quem
415 1655 543 1734 populus
557 1655 708 1717 Romanus
722 1654 773 1716 Cn.
787 1654 928 1734 Pompeio
942 1654 1054 1716 bellum
1067 1659 1149 1735 pira·

134 1748 226 1807 ticum
251 1752 372 1823 gesturo
392 1743 521 1805 dederat.
559 1762 730 1823 regressum
755 1742 891 1825 Paetum,
916 1761 985 1804 cum
1007 1747 1148 1823 graviora

132 1841 287 1913 metueret,
301 1833 416 1894 facetiis
429 1834 570 1894 insectari
583 1835 655 1894 satis
668 1831 772 1894 babuit
786 1831 901 1913 Caesar,
914 1831 961 1893 his
975 1832 1070 1893 terme
1080 1852 1148 1895 ver·

91 1940 119 1979 so
133 1922 192 1985 bis:
210 1925 365 2001 ignoscere
384 1940 416 1982 se
435 1924 548 2003 statim,
567 1940 605 1984 ne
623 1930 684 1984 tam
702 1928 858 2000 promptus
875 1922 907 1981 in
925 1938 1066 2000 pavorem
1080 1922 1147 1986 lon-

132 2015 214 2091 giore
229 2010 426 2072 sollicitudine
440 2019 634 2090 aegresceret.

200 2097 250 2164 26.
273 2099 311 2159 At
330 2097 457 2158 Corbulo
481 2106 586 2178 quarta
609 2107 640 2159 et
661 2097 845 2159 duodecuma
863 2098 1042 2179 legionibus,
1067 2119 1146 2178 quae

132 2188 294 2249 fortissimo
313 2204 430 2265 quoque
447 2189 556 2247 amisso
576 2194 606 2247 et
624 2187 732 2247 ceteris
746 2188 896 2247 exterritis
910 2205 1015 2267 pamm
1028 2186 1147 2250 habiles

132 2274 245 2356 proelio
259 2274 447 2354 videbantur,
466 2277 498 2335 in
513 2274 629 2337 Suriam
644 2273 806 2354 translatis,
825 2275 1021 2337 sertaminde
1035 2294 1071 2337 ac
1085 2285 1146 2339 ter.-

133 2367 203 2426 tiam
224 2363 369 2444 legiones,
386 2365 537 2444 integrum
555 2365 679 2426 militem
696 2375 727 2426 et
744 2363 859 2425 crebris
878 2383 912 2426 ac
930 2368 1085 2444 prosperis
1103 2366 1145 2427 la-

105 2468 119 2509 ⁵
132 2453 256 2516 boribus
271 2456 447 2534 exercitum,
465 2456 496 2515 in
511 2455 679 2516 Armeniam
693 2453 783 2515 ducit.
811 2453 982 2532 addiditque
997 2453 1146 2533 legionem

133 2546 280 2624 quintam,
300 2562 374 2622 quae
388 2561 443 2623 per
456 2542 583 2605 Pontum
597 2562 686 2624 agens
700 2560 808 2622 expers
822 2541 913 2604 cladis
927 2542 1035 2624 luerat,
1054 2545 1146 2605 simul

134 2633 416 2712 quintadecumanos
439 2651 545 2694 recens
568 2633 710 2694 adductos
729 2639 759 2693 et
776 2630 880 2693 veirilla
904 2630 1088 2692 delectorum
1107 2651 1145 2693 er

133 2721 249 2800 illyrico
264 2729 294 2781 et
307 2721 451 2801 Aegypto,
471 2723 608 2802 quodque
623 2720 735 2783 alarum
754 2719 994 2801 cohortiumque,-
1012 2727 1043 2782 et
1060 2724 1145 2783 auxi-

133 2808 171 2868 lia
189 2826 293 2886 regum
311 2811 343 2868 in
357 2828 450 2870 unum
464 2811 609 2871 conducta
623 2809 700 2889 apud
715 2808 886 2891 Melitenen,
906 2827 962 2889 qna
977 2811 1145 2872 tramittere

93 2913 119 2952 ro
133 2896 304 2975 Euphraten
318 2897 448 2974 parabat.
476 2907 540 2961 tum
557 2899 716 2960 lustratum
730 2900 787 2959 rite
802 2899 965 2960 exercitum
979 2897 1015 2958 ad
1030 2901 1145 2959 contio-

133 3004 202 3047 nem
219 2993 305 3046 vocat
322 2985 498 3065 orditurque
516 2988 670 3066 magnifica
683 2987 721 3047 de
735 2988 876 3065 auspiciis
894 2989 1084 3067 imperatoris
1098 3006 1144 3047 re·

133 3075 249 3155 busque
274 3091 290 3134 a
315 3090 347 3134 se
372 3076 476 3154 gestis,
501 3075 624 3136 adversa
647 3077 679 3136 in
705 3076 853 3137 inscitiam
875 3075 958 3137 Paeti
983 3075 1144 3155 declinans

133 3164 225 3226 multa
240 3164 427 3242 auctoritate,
443 3181 517 3243 quae
532 3166 595 3225 viro
609 3163 731 3224 militari
743 3182 799 3244 pro
814 3165 950 3226 facundia
964 3172 1037 3225 erat

203 3315 250 3385 25,
269 3315 486 3371 romanorum
504 3318 540 3372 al.
555 3318 590 3383 cs.
610 3319 648 3373 ad
667 3324 712 3385 14,
725 3322 782 3389 391
799 3317 979 3374 einbonesta
993 3317 1143 3373 Victorius·

132 3387 246 3441 inbosba
269 3389 274 3457 Ι
301 3392 333 3441 12
352 3389 433 3440 excut
434 3385 461 3440 io
481 3385 648 3452 (iurisdictio
668 3387 850 3472 Madoip)ls
890 3387 946 3442 aad.
965 3387 1142 3469 Nipperdey!

134 3457 377 3529 CestioPa'qbins:
398 3456 729 3524 ciu0(o.t1tioo»01a
745 3459 778 3496 ‘li
816 3464 838 3492 ¹‘
874 3456 963 3504 prm„
966 3458 1030 3511 in
1055 3458 1144 3513 Victo-

132 3530 193 3582 rios
211 3536 236 3582 et
254 3528 437 3583 Freinsbea'm.
456 3528 575 3583 aduerso¹
