2392 3876
116 173 182 238 204
467 170 637 226 11111111
653 169 772 258 noeirs

116 324 213 383 acrior
230 323 262 382 in
276 320 436 383 Domitium
454 319 519 381 loco
537 321 683 398 praesagii
702 326 841 398 acceptus
855 328 910 380 est.
938 320 1128 399 vulgabatur·

116 429 174 490 que
189 410 319 471 adfuisse
333 410 473 471 infantiae
488 410 552 469 eius
566 409 709 470 dracones
722 410 754 468 in
768 408 887 469 modum
902 410 1071 490 custodum,
1086 411 1128 472 la·

77 519 102 560 15
116 499 220 561 bulosa
234 507 264 560 11
278 500 409 560 externis
427 497 577 558 miraculis
596 495 771 559 adsimilata:
790 515 858 557 nam
877 499 954 577 ipse,
973 497 1127 578 haudqua-

116 606 205 667 quam
219 589 266 649 sui
280 588 443 666 detractor,
458 603 546 647 unam
560 587 680 646 omnino
695 602 821 663 anguem
834 587 866 645 in
879 584 1018 646 cubiculo
1032 589 1127 648 risam

116 694 236 738 narrare
251 674 356 736 solitus
371 683 425 736 est.

185 762 235 826 12.
253 762 363 825 Verum
380 761 531 824 inclinatio
550 760 652 839 populi
670 769 825 840 supererat
843 780 880 822 ex
898 765 1039 824 memoria
1055 764 1128 825 Ger·

116 854 236 932 manici,
251 853 338 913 cuius
351 850 400 912 illa
414 849 528 929 reliqua
542 848 662 910 suboles
675 849 782 930 virilis3
801 858 832 911 et
844 853 932 911 matri
946 851 1126 931 Agrippinae

116 942 266 1002 miseratio
285 939 448 1017 augebatur
471 937 508 998 ob
532 939 683 999 saevitiam
701 937 886 1019 Messalinae,
908 957 984 1018 quae
1008 959 1131 1021 semper

115 1030 222 1090 infesta
236 1034 267 1088 et
279 1035 352 1088 tunc
365 1028 554 1106 commotior,
568 1044 626 1105 quo
641 1028 739 1087 minus
753 1034 883 1088 strueret
896 1029 1021 1089 crimina
1035 1037 1067 1091 11
1080 1049 1128 1091 11·

89 1124 281 1197 scusatores,
300 1123 426 1177 novoet
444 1115 539 1177 furori
556 1117 691 1193 proximo
710 1133 809 1176 amore
823 1116 1028 1178 distinebatur.
1058 1136 1128 1179 nam

116 1209 146 1266 in
157 1205 187 1266 C.
200 1204 314 1284 Silium,
328 1201 491 1265 iuventutis
501 1203 648 1264 Romanae
658 1203 900 1286 pulcherrimum,
914 1207 955 1266 ita
965 1215 1129 1287 exarserat,

117 1302 150 1355 ut
163 1293 278 1354 luniam
288 1293 426 1374 Silanam,
441 1290 570 1353 nobilem
583 1292 729 1374 feminam,
743 1295 931 1354 matrimonio
945 1296 1011 1355 eius
1025 1303 1127 1357 extur-

116 1383 202 1444 baret
219 1400 371 1462 vacuoque
390 1381 524 1442 adultero
543 1389 705 1460 poteretur.
737 1399 834 1461 neque
849 1381 939 1443 Silius
953 1381 1057 1462 flagitii
1075 1392 1126 1444 aut

117 1471 244 1551 periculi
262 1473 382 1535 nescius
401 1477 477 1531 erat:
496 1469 548 1531 sed
566 1476 661 1550 certo,
681 1471 707 1530 si
724 1469 881 1550 abnueret,
900 1472 990 1531 exitio
1009 1479 1040 1533 et
1054 1490 1126 1533 non-

78 1583 103 1620 11
117 1561 197 1622 nulla
216 1560 334 1622 fallendi
353 1577 417 1641 spe,
437 1558 526 1620 simul
539 1559 653 1637 magnis
666 1560 819 1638 praemiis,
837 1560 968 1638 opperiri
982 1559 1082 1621 futura
1096 1569 1128 1621 et

117 1649 326 1730 praesentibus
342 1649 403 1709 frui
420 1665 474 1726 pro
496 1645 605 1708 solacio
624 1645 758 1707 habebat.
790 1646 839 1707 illa
857 1665 917 1707 non
936 1647 1053 1729 furtim,
1073 1649 1126 1709 sed

118 1738 210 1799 multo
230 1739 371 1798 comitatu
390 1737 533 1797 ventitare
553 1735 685 1814 domum,
708 1734 877 1814 egressibus
901 1735 1124 1818 adhaerescere,

117 1826 219 1905 largiri
233 1843 317 1905 opes,
335 1824 477 1904 honores,
495 1830 658 1904 postremo,
678 1823 758 1884 velut
772 1823 912 1884 translata
925 1825 984 1885 iam
997 1824 1125 1907 fortuna,

118 1917 196 1976 servi
210 1913 310 1974 liberti
323 1918 444 1990 paratus
458 1913 601 1991 principis
615 1911 693 1989 apud
707 1911 874 1973 adulterum
888 1912 1067 1975 visebantur.

186 1999 235 2062 13.
259 2002 297 2061 111
315 1999 454 2061 Claudius
478 2001 657 2060 matrimonii
680 2001 728 2060 sui
750 2001 870 2078 ignarus
889 2007 920 2061 et
937 2004 1039 2063 munia
1058 2021 1125 2064 cen-

118 2092 195 2151 soria
219 2106 379 2167 usurpans,
404 2087 576 2148 theatralem
598 2086 700 2166 populi
722 2086 871 2149 lasciviam
890 2091 1001 2150 severis
1020 2090 1128 2152 edictis

117 2178 279 2257 increpuit,
301 2176 381 2254 quod
404 2177 435 2236 in
452 2174 484 2238 P.
502 2174 698 2253 Pomponium
720 2176 906 2238 consularem
929 2172 969 2259 (is
994 2181 1125 2240 carmina

117 2283 240 2327 scaenae
255 2258 356 2346 dabat)
370 2265 461 2342 inque
474 2263 599 2327 feminas
607 2263 750 2324 inlustres
759 2264 868 2344 probra
878 2267 997 2328 iecerat.
1016 2275 1048 2328 11
1062 2267 1126 2346 lege

91 2354 175 2416 slata
189 2355 340 2415 saevitiem
354 2352 536 2413 creditorum
555 2354 701 2432 coercuit,
719 2371 757 2414 ne
775 2355 807 2413 in
825 2362 951 2415 mortem
969 2364 1127 2433 parentum

117 2445 259 2522 pecunias
273 2442 340 2502 filiis
355 2440 532 2503 familiarum
546 2440 659 2502 faenori
673 2441 785 2502 darent.
813 2441 968 2522 fontesque
983 2461 1128 2523 aquarum

118 2532 297 2593 Simbruinis
311 2529 436 2592 collibus
449 2529 593 2592 deductos
607 2528 675 2591 urbi
684 2529 792 2591 intulit.
816 2548 850 2591 ac
859 2548 949 2592 noras
960 2530 1128 2593 litterarum

118 2622 227 2682 formas
246 2619 358 2681 addidit
376 2618 575 2700 vulgavitque,
590 2626 741 2697 comperto
755 2617 896 2680 Graecam
911 2637 1029 2698 quoque
1048 2620 1126 2681 litte-

117 2718 249 2769 raturam
263 2727 322 2769 non
336 2694 424 2769 simul
438 2715 572 2787 coeptam
585 2706 816 2785 absolutamque.

187 2793 236 2855 14.
255 2795 347 2855 Primi
364 2813 420 2874 per
437 2797 546 2875 figuras
564 2794 732 2857 animalium
746 2794 882 2874 Aegyptii
900 2812 1005 2857 sensus
1018 2799 1130 2859 mentis

118 2881 297 2961 effingebant
315 2915 356 2926 —
376 2901 410 2944 ea
429 2883 633 2962 antiquissima
650 2884 830 2945 monimenta
848 2886 1007 2946 memoriae
1025 2884 1128 2946 huma·

118 2989 172 3032 nae
191 2972 325 3049 inpressa
343 2972 421 3032 saxis
435 2978 599 3032 cernuntur
613 3002 665 3050 -,
684 2978 713 3032 11
731 2970 897 3032 litterarum
915 2981 1009 3034 semet
1026 2974 1128 3034 inven-

119 3069 198 3121 tores
220 3056 390 3138 perhibent3
413 3058 482 3120 inde
505 3058 679 3139 Phoenicas,
706 3060 775 3138 quia
798 3061 874 3122 mari
898 3060 1130 3144 praepollebant,

191 3229 235 3296 11,
256 3235 288 3284 16
317 3228 489 3282 detrectator
505 3228 634 3282 Burman
659 3231 662 3292 Ι
688 3228 786 3294 1110
812 3229 935 3298 opperiri
959 3231 1128 3287 Beroaldus:

119 3299 223 3370 operiri
242 3298 360 3370 (operire
374 3298 542 3368 Nipperdey)
560 3303 564 3366 Ι
582 3303 614 3353 14
633 3297 792 3353 adulterum
806 3299 985 3357 Reteolauus:
1008 3301 1129 3358 11111111

121 3371 124 3442 l
147 3370 227 3440 111
250 3372 368 3425 mortem
395 3368 573 3426 1111111111.
597 3370 687 3423 111111
712 3371 717 3439 Ι
742 3376 757 3425 'l
777 3368 944 3427 Simbruinis
963 3371 1128 3430 1111111111

119 3441 170 3494 sub
171 3439 387 3566 anbruinistffl
411 3455 521 3507 quoque
544 3455 675 3510 greeoem
718 3456 753 3484 111
784 3442 812 3484 ‘⁴2
834 3442 869 3493 vl.
890 3441 1000 3498 Froben
1025 3443 1129 3515 1111

118 3527 152 3566 ea
205 3527 333 3581 preesse
