2392 3876
283 203 331 256 AB
349 201 509 258 EXCESSU
526 201 682 258 AUGUSTI
701 203 745 259 VI.
766 211 878 260 31-35.
1016 204 1077 271 187

71 361 177 433 maias,
196 370 323 432 quorum
336 351 491 432 sceptuchi
505 354 655 431 utrimque
669 352 899 431 donia'acceptis
913 371 995 416 more
1010 371 1079 433 gen·

72 444 131 502 tico
154 441 269 502 diversa
291 440 424 502 induere.
461 440 512 502 sed
538 439 642 502 Hiberi
664 439 797 502 locorum
820 449 957 520 potentes
975 442 1080 521 Caspia

26 572 33 608 ,
72 532 117 591 via
132 529 298 626 Sarmatas!
311 531 343 590 in
356 528 512 591 Armenios
529 531 637 608 raptim
657 528 819 590 effundunt.
848 538 878 591 at
895 533 948 609 qui
961 530 1079 593 Parthis
1094 546 1120 586 ro

71 617 279 698 adventabant,
307 616 392 679 lacile
415 616 605 698 arcebantur,
633 635 702 679 cum
727 617 800 678 alios
824 620 960 681 incessus
985 618 1080 681 hostis

71 707 234 788 clausisset,
248 724 341 768 unum
355 704 504 785 reliquum
517 723 598 768 marc
613 708 692 767 inter
702 713 890 778 etextremos
900 706 1080 768 Albanorum

71 802 186 865 montes
204 802 301 856 aestas
320 794 489 876 impediret,
513 796 582 873 quia
603 793 723 855 flatibus
742 797 901 857 etesiarum
920 796 1080 874 implentur

72 884 156 947 rada:
183 883 327 944 hibernus
354 889 455 944 auster
482 882 606 944 revolvit
631 881 741 944 lluctus
763 881 909 963 pulsoque
930 885 1081 946 introrsus

72 973 148 1033 lreto
162 971 262 1033 brevia
276 971 397 1032 litorum
411 971 569 1032 nudantur.
1096 987 1121 1029 ιο

138 1056 190 1122 34.
204 1058 327 1121 Interim
335 1057 454 1120 Oroden
469 1061 617 1121 sociorum
630 1063 750 1140 inopem
763 1069 869 1124 auctus
884 1060 992 1124 auxssio
1007 1060 1080 1123 Pha·
1101 1079 1104 1083 ·

73 1166 223 1212 rasmanes
237 1165 342 1210 vocare
356 1147 392 1209 ad
406 1165 535 1227 pugnam
553 1154 583 1209 et
601 1148 815 1211 detrectantem
832 1153 995 1232 incessere,
1014 1150 1081 1212 ade·

73 1242 188 1320 quitare
203 1240 322 1318 castris,
341 1236 489 1298 infensare
503 1235 623 1317 pabula3
642 1255 677 1299 ac
691 1255 778 1316 saepe
793 1243 825 1300 in
839 1240 959 1300 modum
973 1238 1082 1300 obsidii

72 1326 253 1390 stationibus
268 1325 417 1406 cingebat,
437 1325 530 1387 donec
544 1324 647 1385 Parthi
660 1326 906 1388 contumeliarum
920 1327 1081 1389 insolentes

74 1418 328 1477 circumsisterent
345 1432 459 1495 regem,
477 1421 637 1492 poscerent
654 1412 808 1492 proelium.
836 1423 924 1494 atque
942 1414 1108 1477 illissolas

74 1507 104 1564 in
127 1505 227 1582 equite
249 1505 308 1564 vis:
332 1502 546 1564 Pharasmanes
569 1508 599 1563 et
616 1501 715 1580 pedite
734 1500 856 1563 valebat.
893 1521 960 1564 nam
979 1502 1083 1565 Hiberi

74 1590 236 1670 Albanique
261 1589 406 1652 saltuosos
428 1590 510 1652 locos
533 1588 697 1651 incolentes
721 1591 846 1651 duritiae
865 1593 1082 1670 patientiaeque

74 1682 167 1758 magis
189 1682 358 1760 insuerere3
382 1680 540 1758 feruntque
559 1697 591 1740 se
610 1677 759 1740 Thessalis
777 1686 872 1760 ortos,
896 1697 954 1759 qua
972 1687 1083 1759 tempe-

74 1777 149 1830 state
172 1768 236 1829 laso
258 1775 327 1848 post
348 1774 479 1828 avectam
501 1767 634 1828 Medeam
661 1769 834 1847 genitosque
858 1787 894 1829 ex
917 1786 951 1830 ea
973 1768 1083 1830 liberos

74 1860 191 1919 inanem
219 1875 288 1918 mox
314 1857 425 1935 regiam
453 1856 560 1918 Aeetae
588 1873 755 1935 vacuosque
783 1855 909 1918 Colchos
936 1858 1082 1937 repetivit.
1097 1873 1124 1913 ro

74 1945 224 2025 multaque
243 1945 280 2006 de
299 1946 418 2006 nomine
437 1946 502 2005 eius
521 1952 551 2006 et
569 1944 700 2005 oraclum
719 1945 821 2006 Phrixi
840 1945 1004 2028 celebrant3
1027 1964 1083 2009 nec

75 2038 230 2114 quisquam
245 2035 337 2095 ariete
352 2033 575 2114 sacrificaverit,
590 2033 703 2095 credito
717 2036 833 2095 rexisse
847 2034 1002 2116 Phrixum,
1022 2036 1083 2096 sive

74 2122 104 2183 id
124 2122 230 2182 animal
249 2140 302 2183 seu
321 2123 404 2182 navis
422 2123 539 2199 insigne
559 2122 622 2182 luit.
652 2130 786 2184 ceterum
801 2123 918 2185 derecta
934 2126 1083 2204 utrimque

75 2213 137 2271 acie
155 2209 283 2271 Parthus
305 2211 464 2288 imperium
479 2209 622 2290 Orientis,
646 2208 853 2272 claritudinem
876 2211 1084 2274 Arsacidarum

74 2306 236 2378 contraque
250 2296 409 2377 ignobilem
419 2297 570 2380 Hiberum,
584 2301 789 2360 mercennario
803 2299 896 2360 milite
906 2300 1083 2382 disserebat3
1098 2313 1123 2356 rs

74 2386 286 2448 Pharasmanes
309 2389 441 2466 integros
464 2394 559 2448 semet
581 2405 598 2447 a
619 2384 756 2447 Parthico
780 2388 944 2469 dominatu,
973 2396 1083 2467 quanto

74 2478 185 2537 maiora
203 2482 352 2555 peterent,
371 2473 438 2553 plus
457 2474 573 2536 decoris
591 2475 719 2535 victores
737 2483 800 2556 ant,
826 2478 852 2536 si
869 2483 952 2554 terga
971 2477 1084 2557 darent,

74 2565 178 2642 flagitii
191 2571 279 2642 atque
293 2562 419 2642 periculi
432 2562 558 2643 laturos3
577 2561 664 2622 simul
678 2562 830 2624 horridam
844 2581 967 2624 suorum
981 2565 1084 2645 aciem,

74 2654 153 2732 picta
167 2670 239 2712 auro
253 2651 407 2712 hledorum
422 2653 545 2731 agmina,
559 2648 628 2711 hinc
643 2651 735 2730 viros,
750 2651 819 2712 inde
833 2651 972 2730 praedam
986 2658 1083 2714 osten·

75 2741 154 2803 dere.
1098 2755 1124 2796 ¹⁰

137 2825 188 2892 35.
217 2828 373 2889 Enimvero
401 2828 479 2909 apud
503 2827 650 2888 Sarmatas
678 2845 738 2888 non
761 2845 819 2889 una
841 2846 897 2889 vox
925 2829 1024 2892 ducis:
1051 2847 1084 2893 se

75 2919 201 2998 quisque
221 2916 385 2997 stimulant,
404 2934 441 2977 ne
460 2933 588 2996 pugnam
601 2934 656 2995 per
671 2918 792 2994 sagittas
807 2919 952 2980 sinerent:
971 2919 1084 2997 impetu
1175 2944 1180 2955 ·

74 3014 105 3068 et
119 3008 283 3068 comminus
297 3004 554 3083 praeveniendum.
578 3005 674 3064 variae
689 3003 758 3066 binc
773 3004 1083 3088 bellantiumspccies,

75 3114 143 3157 cum
161 3093 289 3155 Parthus
312 3096 397 3172 sequi
421 3092 466 3154 rel
488 3094 591 3171 lugere
613 3095 679 3172 pari
702 3101 765 3154 arte
784 3103 887 3156 suetus
906 3093 1084 3156 distraheret

74 3192 200 3264 turmas,
225 3184 352 3260 spatium
376 3180 485 3242 ictibus
508 3189 677 3263 quaereret,
702 3181 851 3244 Sarmatae
874 3184 984 3244 omisso
1003 3195 1111 3263 arcu,a

74 3290 134 3352 quo
147 3271 267 3333 brevius
282 3270 387 3350 valent,
402 3272 497 3330 contis
511 3268 674 3349 gladiisque
689 3279 825 3352 ruerent3
837 3271 926 3332 modo
936 3273 1083 3350 equestris

146 3405 192 3473 tu,
212 3411 246 3462 10
264 3404 433 3475 effunt184‚
453 3410 469 3459 3
491 3404 521 3458 in
544 3405 608 3461 add.
628 3405 755 3459 Muretus
770 3407 775 3473 l
793 3411 825 3461 10
844 3406 924 3459 actae
940 3407 944 3472 l
961 3410 994 3460 15
1012 3420 1083 3460 mer-

75 3475 236 3532 cennariam
245 3475 365 3531 militem
370 3476 517 3540 Acidaliae
530 3475 616 3547 {3522
631 3472 737 3529 inirent
742 3473 896 3532 Beroaldus
905 3475 909 3548 Ι
919 3481 935 3530 o
946 3474 1083 3544 equestris

75 3546 239 3604 theuanuc:
264 3546 372 3615 equites
391 3549 449 3602 tres
