2392 3876
264 194 312 249 AB
330 191 491 250 EXCESSU
507 192 666 249 AUGUSTI
683 193 754 249 XIII.
776 199 887 250 lli-ll.
1004 193 1069 259 259

60 344 121 424 lns,
140 343 206 405 talis
224 344 310 405 dolus
328 350 465 423 repertus
484 352 538 404 est.
565 345 684 404 innoxia
702 344 798 405 adbuc
813 362 847 405 ac
861 343 1026 423 praecalida
1040 351 1071 405 et

61 432 150 492 libata
161 439 250 511 gustu
260 434 340 512 potio
355 432 483 493 traditur
491 431 676 512 Britannic03
690 432 768 511 dein,
781 440 938 511 postquam
953 431 1069 493 fervore

61 521 286 602 aspernabatur,
305 520 410 599 frigida
428 522 459 580 in
478 538 553 599 aqna
571 519 744 605 adfunditur
757 537 917 600 venenum,
937 520 1015 599 quod
1029 523 1070 581 ita

62 617 186 670 cunctos
200 611 265 670 eins
279 615 361 670 artus
378 609 521 690 pervasit,
534 614 573 669 'ut
591 627 647 668 vox
665 611 778 688 pariter
795 617 826 670 et
844 611 968 688 spiritus
987 626 1070 688 rape-

61 705 175 759 rentur.
189 697 355 777 trepidatur
365 715 381 756 a
391 696 687 777 circumsedentibus,
696 697 855 776 diffugiunt
863 696 1070 775 inprudentes:
1085 713 1111 754 ιο

61 795 92 847 at
110 785 219 866 quibus
237 786 325 847 altior
342 784 525 866 intellectus,
543 787 687 846 resistunt
705 786 794 847 defixi
813 793 843 848 et
860 785 1008 847 Neronem
1027 789 1070 847 in-

60 882 189 937 tuentes.
217 873 265 935 ille
280 881 315 935 ut
328 881 392 934 erat
405 872 526 935 reclinis
540 882 570 934 et
583 875 685 935 nescio
703 874 822 957 similis,
842 874 961 936 solitum
975 877 1015 935 ita
1030 877 1071 935 ait

62 982 116 1042 per
130 961 306 1022 comitialem
324 960 474 1041 morbum,
493 979 552 1040 quo
570 963 665 1040 prima
679 961 716 1023 ab
729 963 852 1025 infantia
871 963 1071 1026 adflictaretur

63 1051 260 1130 Britannicus,
274 1056 305 1110 et
318 1048 468 1110 redituros
481 1048 621 1128 paulatim
635 1052 716 1112 visus
731 1069 906 1130 sensusque.
929 1060 959 1112 at
968 1054 1071 1131 Agrip·

63 1141 149 1218 pinae
168 1140 194 1199 is
212 1155 315 1218 pavor,
334 1155 368 1198 ea
386 1139 586 1199 consternatio
604 1141 727 1218 mentis,
747 1143 880 1218 quamvis
901 1141 984 1201 vultu
1004 1159 1071 1220 pre·
1086 1155 1112 1197 15

63 1234 209 1307 meretur,
228 1228 361 1306 emicuit,
372 1235 414 1287 ut
426 1225 550 1306 perinde
563 1228 695 1305 ignaram
709 1227 803 1288 fnisse
817 1234 908 1304 utque
922 1228 1071 1290 Octaviam

64 1333 196 1377 sororem
215 1315 378 1376 Britannici
397 1316 576 1375 constiterit:
595 1317 705 1393 quippe
724 1314 782 1375 sibi
800 1333 972 1393 supremum
991 1319 1071 1377 auxi-

63 1405 136 1465 lium
155 1412 290 1483 ereptum
309 1411 339 1464 et
356 1402 509 1482 parricidii
527 1401 694 1482 exemplum
716 1402 915 1481 intellegebat.
953 1404 1072 1465 Octavia

64 1509 195 1572 qnoque,
214 1492 348 1570 quamvis
367 1490 491 1552 rudibus
510 1493 608 1571 annis,
626 1490 772 1572 dolorem,
791 1492 957 1571 caritatem,
977 1494 1072 1553 omnis

64 1581 198 1641 adlectus
216 1579 397 1639 abscondere
416 1579 569 1640 didicerat.
604 1581 646 1640 ita
663 1586 731 1658 post
748 1579 838 1639 breve
858 1579 1008 1639 silentium
1028 1598 1073 1640 re·
1088 1597 1113 1636 ao

65 1671 156 1748 petita
171 1668 298 1728 convivii
311 1666 430 1728 laetitia.

133 1753 182 1818 17.
205 1755 269 1816 Nox
292 1755 394 1816 eadem
417 1773 520 1817 necem
544 1755 707 1817 Britannici
731 1764 761 1817 et
782 1774 888 1834 rogum
912 1759 1074 1839 coniunxit,

64 1847 182 1925 proviso
196 1850 264 1905 ante
279 1843 398 1904 funebri
415 1851 534 1923 paratu,
553 1846 604 1923 qui
622 1844 756 1906 modicus
775 1845 839 1906 fnit.
867 1847 899 1905 in
913 1863 1016 1924 campo
1031 1853 1073 1906 ta-

64 1952 132 1994 men
151 1933 254 1994 Martis
273 1932 407 2011 sepultus
425 1939 472 1994 est
490 1932 562 1993 adeo
581 1932 710 1994 turbidis
729 1932 889 2015 imbribus,
911 1941 946 1994 ut
969 1933 1074 2014 vulgus

64 2026 138 2084 iram
152 2022 240 2082 deum
255 2020 392 2100 portendi
406 2021 568 2082 crediderit
581 2021 723 2082 adversus
737 2021 861 2103 facInus,
876 2024 925 2083 cui
939 2022 1073 2102 plerique

65 2120 162 2173 tamen
181 2111 334 2171 bominum
352 2109 558 2193 ignoscebant,
577 2112 713 2189 antiquas
727 2110 853 2172 fratrum
866 2109 1030 2172 discordias
1044 2119 1074 2172 et
1088 2126 1100 2167 5

64 2197 235 2260 insociabile
245 2215 369 2277 regnum
379 2200 576 2261 aestimantes.
598 2199 720 2261 tradunt
733 2197 868 2278 plerique
884 2217 986 2260 eorum
1001 2206 1074 2261 tem-

65 2304 172 2366 porum
190 2287 366 2366 scriptores,
389 2286 504 2348 crebris
522 2294 590 2348 ante
609 2289 732 2347 exitium
752 2287 857 2348 diebus
875 2287 995 2349 illusum
1014 2290 1073 2349 isse

65 2375 210 2455 pucritiae
225 2373 388 2435 Britannici
401 2373 564 2455 Neronem,
584 2376 690 2435 utiam
704 2392 762 2435 non
776 2384 963 2453 praematura
977 2394 1074 2455 neque

66 2482 150 2525 saeva
164 2480 245 2523 mors
260 2462 354 2522 videri
369 2471 467 2543 queat,
482 2463 615 2541 quamvis
625 2463 704 2524 inter
713 2479 796 2523 sacra
806 2480 934 2543 mensae,
949 2482 986 2524 ne
1000 2471 1073 2524 tcm-

65 2569 138 2631 pore
153 2550 271 2628 quidem
286 2548 321 2610 ad
336 2548 522 2627 complexum
537 2566 672 2609 sororum
683 2548 760 2630 dato,
775 2559 842 2611 ante
853 2551 954 2611 oculos
963 2551 1075 2611 inimici
1089 2567 1116 2606 ro

65 2646 222 2718 properata
237 2638 275 2696 sit
289 2640 320 2696 in
334 2635 417 2696 illum
432 2654 604 2716 supremum
614 2635 803 2698 Claudiorum
817 2640 1000 2718 sanguinem,
1015 2646 1075 2700 stu·

65 2745 120 2807 pro
135 2727 218 2804 prius
233 2742 319 2802 quam
334 2741 448 2785 veneno
461 2724 615 2803 pollutum.
638 2713 858 2786 festinationem
867 2729 1075 2804 exsequiarum

65 2816 163 2876 edicto
187 2812 293 2873 Caesar
316 2811 461 2893 defendit,
487 2815 528 2874 ita
556 2812 717 2874 maioribus
739 2815 910 2876 institutum
932 2815 1075 2897 referens,

64 2902 241 2965 subtrahere
269 2900 363 2962 oculis
390 2901 495 2962 acerba
524 2902 627 2964 funera
656 2919 753 2980 neque
780 2901 997 2966 laudationibus
1025 2914 1076 2966 aut

63 3009 171 3075 pompa
191 2990 332 3051 detinere.
361 2997 492 3052 ceterum
512 2996 542 3051 et
561 2990 617 3051 sibi
635 2991 743 3051 amisso
762 2989 861 3053 fratris
880 2992 988 3054 arixilio
1007 2992 1074 3053 reli»
1090 3005 1116 3047 1⁶

136 3180 181 3246 16,
196 3186 211 3234 9
227 3179 341 3248 spiritus
361 3177 421 3233 eius
437 3179 442 3246 Ι
460 3186 491 3235 13
505 3177 598 3248 prima
610 3179 754 3252 Apricolo:
773 3179 895 3250 primum
911 3183 915 3248 l
934 3186 967 3235 14
982 3179 1074 3249 agrip-

63 3251 133 3321 pina
148 3254 153 3318 Ι
170 3257 202 3306 16
222 3252 306 3319 atque
324 3251 388 3305 add.
408 3247 549 3318 Fauno,
572 3265 658 3317 quem
679 3249 741 3305 Otto
759 3253 797 3306 od
814 3252 890 3306 Anu.
910 3255 935 3318 1,
955 3255 992 3306 18
1009 3256 1013 3319 Ι
1029 3250 1074 3315 17,

65 3329 83 3375 4
101 3320 243 3391 protendi,
262 3338 309 3376 em.
331 3322 501 3377 Puteolanus
523 3323 528 3390 l
552 3325 569 3374 5
587 3322 683 3375 temen
701 3320 847 3377 Heinsius:
867 3318 954 3375 etiam
970 3326 974 3389 Ι
992 3321 1074 3376 fiere

63 3391 193 3460 Lipsiuoa
212 3407 272 3447 esse
292 3390 425 3461 (illunise
444 3391 606 3460 Rhenanus)
622 3395 627 3460 Ι
644 3397 677 3446 13
695 3389 738 3445 iis
754 3407 819 3448 uos:
837 3390 869 3445 id
887 3389 927 3460 (id
945 3408 963 3444 a
976 3407 1077 3447 corea

63 3459 217 3517 maioribus
235 3463 358 3586 {meatu
383 3464 417 3530 cf.
437 3465 464 3529 3,
483 3465 520 3518 69
542 3461 583 3516 sic
605 3477 623 3516 e
643 3460 797 3518 maioribus
824 3459 986 3516 institutum
1011 3467 1016 3532 1
1042 3468 1074 3517 15

64 3535 189 3588 ceterum
206 3531 252 3587 exi
272 3532 282 3586 i

808 3621 860 3676 17*
