2392 3876
282 195 331 251 AB
349 194 511 251 EXOESSU
527 195 684 252 AUGUSTI
700 196 735 252 11.
753 202 848 254 t—tt
1025 196 1069 261 49

62 363 132 407 nam
145 351 310 405 castrorum
322 345 582 423 oppugnationem.
608 343 708 405 habita
726 345 819 405 indici
836 343 910 404 tides
924 351 955 405 et
968 362 1070 405 cerne·

63 434 177 503 bantur
187 434 279 513 ignes,
293 432 503 511 suggressique
516 433 640 510 propius
654 431 856 510 speculatores
865 432 1071 507 audirilrerni·¹
1084 446 1097 487 s

63 529 128 583 tum
142 539 287 599 equorum
300 522 486 598 inmensique
500 527 531 581 et
543 519 688 580 inconditi
706 523 831 598 agminis
844 538 980 581 murmur
994 528 1070 581 attu-

63 610 133 670 lere.
168 611 259 687 igitur
276 610 443 687 propinquo
464 625 594 668 summae
617 610 663 668 rei
682 607 854 668 discrimine
877 607 1072 687 explorandos

63 696 191 758 militum
205 699 318 757 animos
332 704 423 776 ratus,
438 714 566 774 quonam
576 695 606 756 id
615 695 703 756 modo
712 698 918 775 incorruptum
928 696 1013 776 soret,
1028 715 1072 758 sc·

65 800 134 846 cum
143 784 279 863 agitabat.
294 784 430 844 tribunos
444 791 475 844 et
484 785 674 845 centuriones
683 784 760 845 laeta
769 787 887 862 saepius
897 803 986 864 quam
995 803 1072 845 com·

64 881 150 952 perta
163 875 308 953 nuntiare,
322 871 497 933 libertorum
512 872 630 933 servilia
644 874 769 953 ingenia,
783 874 886 933 amicis
895 874 992 932 inesse
1003 873 1072 933 adu·
1087 889 1114 929 ro

65 961 217 1041 lationem3
235 963 261 1020 si
275 962 374 1020 contio
389 967 518 1040 vocetur,
532 959 593 1021 illic
607 978 725 1038 quoque
740 978 815 1039 quae
828 962 917 1038 pauci
931 962 1074 1039 incipiant

65 1049 197 1127 reliquos
212 1047 391 1126 adstrepere.
422 1049 542 1126 ponitus
555 1048 719 1109 noscendas
731 1055 860 1123 mentes,
879 1067 947 1109 cum
965 1051 1075 1109 secreti

66 1144 96 1198 et
123 1136 296 1197 incustoditi
322 1138 400 1197 inter
427 1135 563 1196 militaris
586 1136 669 1197 cibos
692 1155 775 1215 spem
798 1143 849 1197 aut
871 1144 984 1197 metum
1005 1155 1074 1215 pro-

67 1226 188 1286 terrent.

135 1310 184 1374 13.
198 1311 291 1374 Nocte
305 1321 411 1390 coepta
425 1330 564 1391 egressus
578 1312 712 1390 augurali
732 1330 786 1390 per
805 1313 920 1374 occulta
938 1320 968 1373 et
982 1312 1075 1391 vigili·

67 1401 123 1472 bus
137 1404 252 1482 ignara,
271 1403 378 1461 comite
393 1418 466 1482 uno,
486 1407 640 1461 contectus
654 1418 773 1461 umeros
792 1402 886 1462 lerina
904 1401 994 1481 pelle,
1015 1400 1076 1462 adit

67 1497 233 1550 castrorum
248 1491 318 1568 vias,
332 1488 449 1548 adsistit
464 1487 662 1548 tabernaculis
672 1489 840 1566 fruiturque
851 1489 926 1549 fama
936 1491 993 1569 sui,
1006 1507 1076 1549 cum

68 1577 117 1638 bic
131 1576 313 1638 nobilitatem
327 1576 421 1655 ducis,
440 1575 577 1636 decorem
592 1574 675 1656 alius,
693 1575 815 1654 plurimi
828 1578 1010 1657 patientiam,
1028 1595 1075 1636 co·

67 1668 208 1745 mitatem,
228 1683 283 1743 per
301 1666 378 1724 seria
396 1682 450 1742 per
469 1667 550 1724 iocos
568 1663 696 1724 eundem
715 1666 846 1724 animum
863 1663 1000 1725 laudibus
1019 1664 1104 1724 ser-o

68 1761 136 1815 rent
154 1752 392 1830 reddendamque
411 1755 534 1830 gratiam
553 1754 584 1812 in
603 1754 665 1812 acie
683 1753 861 1832 faterentur,
884 1751 972 1812 simul
990 1752 1076 1832 perli-

69 1842 123 1903 dos
137 1848 167 1902 et
180 1848 319 1919 ruptores
333 1843 414 1919 pacis
428 1835 535 1901 ultibni
547 1847 577 1900 et
591 1840 701 1918 gloriae
711 1840 890 1902 mactandos.
913 1843 992 1901 inter
1002 1858 1077 1919 quae

69 1948 147 1990 arnus
166 1929 309 2010 hostium,
327 1927 447 1990 Latinae
466 1929 583 2007 linguae
602 1930 713 2009 sciens,
735 1937 800 1990 acto
819 1929 855 1990 ad
874 1928 981 1990 vallum
1000 1947 1077 2007 equo

62 2019 141 2094 ioco
155 2035 258 2095 magna
273 2018 414 2095 coniuges
428 2024 459 2077 et
472 2035 558 2095 agros
573 2024 603 2078 et
617 2017 758 2095 stipendii
771 2019 802 2078 in
816 2018 889 2099 dies,
909 2016 1003 2078 donec
1018 2017 1077 2077 bel·

69 2106 194 2187 laretur,
219 2107 373 2165 sestertios
395 2113 550 2186 centenoS,
574 2107 601 2166 si
618 2108 686 2184 quis
707 2105 928 2186 transfugisset,
951 2106 1078 2166 Arminii
1092 2124 1118 2165 ro

69 2196 188 2254 nomine
202 2193 367 2272 pollicetur.
394 2193 527 2254 incendit
541 2212 574 2254 ea
589 2194 767 2255 contumelia
780 2193 930 2272 legionum
943 2195 1016 2254 iras:
1030 2213 1078 2254 ve·

70 2285 149 2342 niret
162 2281 234 2360 dien,
253 2281 374 2342 daretur
388 2300 500 2362 pugna3
520 2290 709 2360 sumpturum
726 2282 850 2343 militem
865 2282 1079 2343 Germanorum

71 2387 166 2450 agros,
185 2378 351 2431 tracturum
370 2372 525 2450 coniuges;
543 2373 678 2449 accipere
697 2388 783 2431 omen
798 2378 828 2430 et
841 2371 1027 2437 matrimonia
1045 2389 1079 2430 ac

70 2460 212 2537 pecunias
226 2458 357 2519 bostium
370 2457 496 2536 praedae
511 2458 669 2519 destinare.
697 2461 784 2519 tertia
803 2459 895 2518 ferme
915 2458 1013 2536 vigilia
1031 2457 1080 2518 ad-

71 2545 213 2607 sultatum
227 2556 272 2607 est
286 2548 391 2607 castris
406 2548 470 2607 sine
484 2549 620 2606 coniectu
635 2546 700 2626 teli,
719 2554 876 2626 postquam
890 2545 1011 2606 crebras
1025 2563 1079 2623 pro
1094 2560 1121 2601 aa

72 2637 264 2695 munimentis
279 2634 417 2694 cohortes
431 2642 462 2694 ct
475 2632 549 2694 nihil
562 2636 720 2695 reinissum
734 2652 863 2695 sensere.

140 2721 189 2782 14.
213 2721 277 2781 Nox
296 2720 398 2783 eadem
416 2722 522 2782 laetam
540 2722 713 2784 Germanico
738 2725 868 2801 quietem
891 2721 972 2801 tulit,
997 2722 1081 2782 vidit·

71 2828 129 2890 que
153 2827 185 2870 se
209 2817 362 2889 operatum
382 2816 412 2869 et
430 2812 572 2888 sanguine
591 2813 668 2871 sacri
685 2829 822 2890 respersa
842 2818 995 2890 praetexta
1017 2809 1081 2889 pul·

71 2898 221 2958 cbriorem
243 2897 329 2957 aliam
351 2897 487 2957 manibus
506 2899 586 2958 aviae
607 2898 756 2977 Augustae
779 2902 938 2977 accepisse.
976 2907 1081 2960 auctus

72 2989 182 3068 omine,
201 2985 407 3047 addicentibus
426 2988 579 3066 auspicia,
599 2994 683 3047 vocat
702 2989 869 3047 contionem
888 2996 918 3048 et
936 3005 1012 3066 qnae
1035 3005 1082 3046 sa-

70 3077 182 3153 pientia
196 3077 313 3154 provisa
327 3083 452 3152 aptaque
467 3076 623 3155 inminenti
636 3093 752 3154 pugnae
767 3075 895 3136 disserit.
931 3093 990 3135 non
1006 3088 1109 3135 cam-s

70 3180 125 3241 pos
148 3163 235 3224 modo
257 3162 344 3223 militi
366 3162 497 3222 Romano
518 3162 555 3222 ad
577 3163 724 3242 proelium
746 3164 852 3245 bonos,
882 3163 933 3223 sed
958 3165 984 3222 si
1006 3163 1082 3221 ratio

71 3251 161 3333 adsit,
181 3251 268 3312 silva's
283 3259 312 3312 et
326 3251 431 3331 saltus3
450 3268 506 3312 nec
527 3253 606 3312 enim
624 3254 758 3312 inmensa
776 3252 970 3313 barbar‘orum
990 3254 1082 3330 scuta,
1179 3323 1183 3330 .

143 3455 218 3523 14,1
237 3455 310 3511 vidit
328 3473 357 3511 se
376 3457 503 3513 Muretus
518 3459 523 3527 Ι
539 3430 654 3511 2ἐαοτο
673 3457 848 3526 Beroaldus!
870 3463 886 3511 t
905 3455 1019 3526 provisa
1037 3455 1082 3512 Jo.

71 3525 123 3582 Fr.
145 3525 313 3583 Gronovius.-
329 3528 461 3596 praeuisa
1088 3529 1090 3532 ’

125 3623 229 3665 'raom
242 3625 317 3666 rans
332 3627 350 3667 n
855 3623 873 3671 4
