2392 3876
106 178 172 244 316
457 173 626 231 CORNELII
642 172 762 230 ‘raum

107 330 242 407 priorum
255 325 448 405 flagitiorum,
466 324 552 402 plura
566 326 655 385 etiam
670 340 758 404 quam
772 323 887 383 iussum
901 329 965 383 erat
979 322 1067 401 lingit
1082 322 1123 383 ia·

107 424 247 494 teturque
266 414 344 493 apud
362 416 486 493 amicos,
510 431 585 492 quos
602 411 684 473 velut
701 409 825 472 consilio
844 410 1021 471 adhibuerat
1038 411 1123 490 prin·

108 522 187 582 ceps.
215 511 278 564 tum
298 505 329 563 in
345 502 509 562 Sardiniam
523 501 656 581 pellitur,
675 498 727 560 ubi
740 518 799 560 non
814 501 900 578 inops
914 498 1035 560 exilium
1051 498 1123 560 tole·

109 595 185 654 ravit
198 601 229 653 et
242 592 302 652 lato
317 590 398 652 obiit.

176 678 379 742 61111311
398 678 581 757 praelectum
601 678 633 737 in
654 694 737 756 spem
758 675 913 738 sociandae
934 675 1038 737 classis
1058 694 1124 738 cor·

110 778 244 849 ruptum,
264 775 294 829 et
311 770 462 829 incusatae
481 765 568 845 paulo
587 772 655 826 ante
674 764 838 826 sterilitatis
857 763 978 844 oblitus,
1002 765 1124 827 abactos

111 866 215 938 partus
229 857 410 918 conscientia
425 853 590 935 libidinum,
610 872 703 933 eaque
722 852 780 914 sibi
794 860 935 932 conperta
950 852 1048 915 edicto
1063 871 1123 914 me·

111 953 207 1007 morat
225 943 381 1023 insulaque
394 942 569 1004 Pandataria
583 942 733 1004 Octaviam
748 941 870 1003 claudit·
899 958 959 1002 non
978 940 1035 1002 alia
1054 941 1125 1003 exul

85 1034 270 1094 avisentium
293 1031 395 1093 oculos
417 1033 528 1092 maiore
552 1031 754 1092 misericordia
773 1030 889 1092 adiecit.
925 1031 1124 1091 meminerant

112 1121 208 1183 adhuc
231 1120 351 1200 quidam
374 1122 551 1200 Agrippinae
574 1139 591 1180 a
614 1118 747 1200 Tiberio,
773 1120 923 1181 recentior
946 1117 1037 1180 luliae
1063 1137 1124 1181 me·

111 1212 205 1271 moria
224 1208 435 1271 obversabatur
454 1208 606 1270 aClaudio
623 1207 740 1288 pulsae:
758 1208 811 1269 sed
830 1207 888 1269 illis
906 1206 999 1268 robur
1018 1209 1125 1270 aetatis

113 1298 353 1380 adsuerat31aeta
372 1297 469 1378 aliqua
488 1298 622 1359 viderant
640 1304 669 1358 et
687 1304 874 1376 praesentem
893 1297 1044 1358 saevitiam
1064 1314 1123 1358 me·

113 1387 195 1448 lioris
220 1387 289 1449 olim
307 1387 444 1448 lortunao
463 1386 667 1448 recordatione
686 1384 867 1446 adlevabant.
903 1385 974 1445 huic
992 1387 1123 1464 primum

73 1491 99 1531 1⁰
113 1479 285 1556 nuptiarum
300 1475 363 1538 dies
378 1475 442 1537 loco
457 1475 570 1536 funeris
584 1475 653 1556 luit,
667 1474 811 1536 deductae
825 1476 855 1548 in
871 1473 1004 1555 domum,
1018 1476 1050 1534 in
1066 1493 1125 1554 qua

114 1566 187 1628 nihil
205 1568 264 1626 nisi
281 1565 451 1627 luctuosum
468 1563 603 1644 haberet,
627 1571 729 1643 erepto
752 1581 807 1643 per
825 1580 972 1624 uenenum
990 1570 1075 1642 patre
1095 1571 1125 1624 et

114 1656 214 1716 statim
223 1654 328 1735 fratre,
341 1660 404 1715 tum
417 1652 522 1713 ancilla
536 1653 653 1714 domina
667 1651 790 1712 validior
804 1659 834 1713 et
843 1652 977 1731 Poppaea
991 1670 1050 1712 non
1066 1654 1125 1713 nisi

113 1746 144 1804 in
152 1741 1124 1823 perniciemurorisnupta,postremocrimenomniexitiogravius.

181 1829 232 1894 64.
256 1833 297 1893 Ac
321 1830 418 1909 puella
441 1831 600 1892 vicensimo
620 1831 723 1890 aetatis
741 1847 819 1891 anno
836 1831 915 1890 inter
934 1830 1125 1890 centuriones

114 1929 145 1982 et
169 1920 290 2000 milites,
312 1920 465 2000 praesagio
484 1918 629 1980 malorum
647 1921 703 1979 iam
722 1921 798 1979 vitae
822 1925 969 2002 exempta,
992 1916 1125 1978 nondum

115 2017 213 2070 tamen
240 2016 335 2069 morte
359 2006 575 2087 adquiescebat.
621 2007 723 2086 paucis
747 2006 852 2067 dehinc
875 2007 1040 2067 interiectis
1063 2005 1124 2067 die·

115 2096 172 2157 bus
193 2098 271 2157 mori
293 2095 426 2175 iubetur,
450 2113 518 2156 cum
540 2097 599 2155 iam
617 2094 735 2155 viduam
754 2113 785 2156 se
805 2103 835 2156 et
853 2101 968 2156 tantum
991 2112 1125 2156 sororem

74 2195 99 2270 5Ν
116 2191 275 2245 testaretur
303 2201 534 2262 communesque
562 2182 751 2243 Germanicos
781 2190 811 2244 et
840 2192 989 2262 postremo
1020 2183 1124 2262 Agrip·

116 2275 201 2351 pinae
220 2289 327 2332 nomen
347 2273 453 2352 cieret,
477 2290 534 2351 qua
557 2270 697 2332 incolumi
716 2271 818 2332 infelix
838 2272 957 2351 quidem
975 2274 1124 2332 matrimo-

116 2362 212 2442 nium,
231 2360 282 2421 sed
302 2362 366 2423 sine
382 2361 471 2421 exitio
485 2359 666 2439 pertulisset.
694 2361 884 2439 restringitur
898 2360 1002 2421 vinclis
1020 2378 1124 2422 venae-

117 2467 174 2530 que
194 2452 259 2511 eius
277 2467 331 2529 per
350 2467 453 2510 omnes
471 2457 553 2511 artus
572 2447 778 2531 exsolvuntur,
799 2456 829 2510 et
848 2451 916 2529 quia
934 2467 1057 2527 pressus
1076 2467 1124 2529 pa·

115 2556 186 2600 vore
214 2540 334 2617 sanguis
362 2538 476 2600 tardius
504 2537 670 2618 labebatur,
697 2538 875 2617 praefervidi
897 2536 994 2599 balnei
1017 2555 1124 2617 vapore

75 2641 102 2681 10
116 2635 265 2689 enecatur.
293 2627 471 2707 additurque
490 2629 618 2689 atrocior
637 2628 770 2707 saeuitia,
789 2626 868 2706 quod
887 2635 976 2706 caput
994 2635 1124 2706 amputa·

115 2722 179 2776 tum
193 2715 344 2795 latumque
358 2719 389 2777 in
404 2715 509 2777 urbem
518 2715 653 2796 Poppaea
667 2715 748 2777 vidit.
776 2714 852 2776 dona
867 2714 905 2775 ob
918 2714 992 2776 baec
1006 2715 1125 2794 templis

116 2803 234 2864 decreta
262 2821 350 2883 quem
378 2805 413 2865 ad
441 2805 530 2866 finem
557 2800 808 2864 memorabimus?
836 2805 1015 2884 quicumque
1039 2821 1125 2865 casus

186 2954 231 3023 62,
253 2961 285 3010 16
309 2954 401 3010 113313
419 2956 566 3012 Acidaliae
581 2958 585 3024 Ι
603 2962 636 3011 18
656 2954 789 3024 sardinia,
808 2973 856 3012 em.
875 2956 1044 3014 Puteoloraua
1058 2959 1063 3025 1
1079 2956 1125 3023 aa,

117 3033 131 3082 1
152 3025 298 3091 socianda,
322 3042 369 3082 em.
391 3026 558 3084 Puteolanus
573 3030 610 3090 ta
630 3027 780 3096 conpertae
805 3026 895 3096 dicto,
922 3045 970 3084 em.
989 3028 1099 3083 Lectius
1120 3027 1123 3097 l

117 3104 133 3153 9
151 3097 257 3167 primus
276 3097 392 3166 Lipsius
416 3100 421 3167 1
445 3097 496 3165 14,
516 3103 530 3152 1
558 3100 588 3152 at
610 3097 705 3166 puella
722 3099 817 3155 malim
871 3097 926 3154 duo
945 3099 975 3153 et
991 3097 1125 3153 vicesimo

116 3169 288 3241 Nipperdey,
308 3167 407 3237 quinto
426 3169 456 3223 et
472 3167 525 3222 vic.
545 3168 636 3224 1111111·
660 3171 665 3238 Ι
690 3167 802 3225 avitae
853 3167 1047 3226 1111111111
1066 3170 1071 3238 Ι
1094 3173 1126 3223 12

118 3240 231 3295 decretu
245 3256 328 3309 quem
336 3239 497 3296 Dd'derleiu:
513 3240 680 3308 decretaque
692 3240 832 3308 (decreta.
843 3251 915 3309 quae
924 3254 988 3292 eum
997 3239 1034 3293 ad
1043 3239 1127 3294 finem

116 3310 344 3379 memoravimus,
373 3312 405 3364 11
427 3311 593 3379 quicumque
612 3311 715 3367 Puteal.
730 3328 890 3382 perparum
916 3326 981 3365 aum
1007 3309 1127 3364 eumad

116 3381 200 3436 finem
217 3398 274 3438 coa
291 3382 430 3454 3191111111
446 3382 518 3438 idem
535 3383 608 3452 qaod
629 3383 792 3452 propterea3
817 3382 919 3450 1114,
939 3383 988 3447 52,
1008 3385 1050 3435 11.
1071 3380 1125 3436 cte.

116 3454 149 3507 ia
164 3453 222 3508 Oct.
237 3453 263 3519 I,
277 3458 302 3508 1.
317 3453 387 3523 Nep.
401 3452 501 3523 Epora.
516 3456 536 3508 2
550 3453 732 3508 exercebatur
744 3449 879 3499 luri-eudo
898 3450 934 3505 ad
953 3465 1017 3505 eum
1034 3450 1127 3519 finem,

117 3522 209 3591 quoad
228 3525 287 3592 etc.)
