2392 3876
119 177 185 242 296
470 174 641 230 CORNELII
657 173 776 228 TACITI

92 324 264 404 apluraque
279 324 413 403 gregario
428 321 520 383 milite
538 321 700 383 tolerantis.
732 331 853 383 ventum
871 294 979 385 dehinc
999 327 1030 385 in
1048 324 1129 387 locos

120 412 215 474 cultos
229 412 439 491 demessaeque
458 418 587 491 segetes,
605 420 635 471 et
653 427 689 471 ex
708 410 824 473 duobus
843 411 984 494 castelliS,
1003 415 1034 474 in
1054 415 1134 493 quae'

120 503 314 580 confugerant
331 501 475 580 Armenii,
499 498 624 560 alterum
643 501 755 578 impetu
774 509 907 582 captum3
933 503 985 579 qui
1004 504 1129 581 primam

119 591 178 649 vim
193 589 380 670 depulerant,
398 587 550 649 obsidione
565 597 721 666 coguntur.
749 589 828 649 unde
843 591 873 649 in
888 592 1040 668 regionem
1055 591 1129 652 Tau·

120 680 281 739 raunitium
300 685 504 756 transgressus
527 679 711 755 inprovisum
734 677 900 755 periculum
918 680 1029 739 vitavit.
1063 699 1129 740 nam

79 785 106 826 ιο
120 767 198 828 haud
218 766 322 847 procul
341 767 468 827 tentorio
491 767 556 825 eius
579 783 637 825 non
661 765 798 844 ignobilis
820 765 965 827 barbarus
984 786 1053 828 cum
1073 769 1130 830 telo

120 864 258 935 repertus
277 855 409 915 ordinem
433 854 608 914 insidiarum
631 870 722 934 seque
742 862 893 916 auctorem
912 863 942 915 et
961 858 1058 916 socios
1077 875 1131 936 per

120 953 267 1006 tormenta
285 944 389 1023 edidit,
412 944 602 1021 convictique
618 952 648 1002 et
668 945 765 1020 puniti
784 951 853 1005 sunt
872 946 924 1022 qui
943 947 1042 1023 specie
1062 947 1131 1006 ami-

120 1035 207 1094 citiae
228 1031 329 1093 dolum
351 1031 501 1111 parabant.
538 1048 593 1091 nec
616 1031 708 1091 multo
728 1038 795 1109 post
813 1031 901 1110 legati
920 1031 1131 1111 Tigranocerta

120 1122 203 1181 missi
227 1129 328 1199 patere
347 1122 462 1181 moenia
480 1119 629 1199 adierunt,
654 1121 785 1180 intentos
808 1120 959 1199 popularis
982 1121 1019 1182 ad
1037 1125 1132 1183 iussa:

80 1225 107 1267 15
122 1209 210 1270 simul
228 1208 372 1288 hospitale
391 1208 514 1289 donum,
538 1226 677 1268 coronam
696 1226 829 1289 auream,
852 1208 1017 1270 tradebant.
1049 1229 1132 1272 acce·

120 1300 223 1378 pitque
239 1315 307 1359 cum
320 1297 441 1376 honore,
455 1315 511 1357 nec
522 1299 680 1376 quicquam
689 1296 756 1357 urbi
770 1297 944 1376 detractum,
959 1316 1018 1377 quo
1033 1316 1131 1377 prom-

121 1389 201 1467 ptius
216 1387 391 1465 obsequium
406 1387 515 1464 integri
532 1387 705 1446 retinerent.

188 1472 240 1538 25.
268 1475 305 1535 At
320 1467 503 1552 'praesidium
522 1473 666 1553 Legerda,
691 1473 769 1552 quod
789 1474 871 1534 leros
890 1476 1030 1535 iuventus
1054 1476 1132 1537 clan-

122 1573 214 1645 serat,
228 1581 288 1625 non
303 1566 365 1623 sine
380 1564 541 1622 certamine
555 1568 756 1640 expugnatum
771 1570 828 1623 est:
850 1580 916 1622 nam
936 1571 967 1622 et
985 1563 1132 1642 proelium

121 1672 176 1732 pro
191 1654 284 1714 muris
299 1653 363 1712 ausi
377 1659 461 1711 erant
475 1658 505 1711 et
519 1650 598 1730 mulsi
611 1653 688 1711 intra
703 1654 883 1711 munimenta
898 1651 1131 1730 aggeridemnm

122 1751 152 1808 et
166 1743 399 1819 inrumpentium
414 1741 504 1800 armis
521 1757 646 1800 cessere.
683 1757 758 1818 quae
778 1738 893 1800 facilius
910 1741 1135 1820 proveniebant,

95 1832 191 1909 aquia
209 1829 311 1889 Parthi
329 1828 464 1907 Hyrcano
483 1826 559 1888 bello
579 1827 806 1888 distinebantur.
838 1830 1040 1907 miserantque
1059 1829 1132 1908 llyr-

123 1920 189 1979 cani
211 1917 247 1978 ad
271 1919 436 1996 principem
454 1915 617 1976 Romanum
637 1919 807 1977 societatem
827 1925 955 1996 oratum,
978 1920 1099 1978 attineri
1117 1936 1133 1978 a

123 2025 154 2067 se
173 2005 335 2084 Vologesen
356 2023 411 2084 pro
430 2007 553 2084 pignore
574 2007 719 2065 amicitiae
741 2013 930 2065 ostentantes.
963 2023 1014 2066 eos
1033 2023 1131 2085 regre-

122 2096 238 2155 dientes
252 2093 393 2174 Corbulo,
414 2111 451 2153 ne
465 2092 637 2171 Euphraten
651 2096 830 2172 transgressi
843 2093 973 2154 hostiurn
989 2095 1133 2155 custodiis

123 2185 425 2261 circumvenirentur,
448 2181 516 2241 dato
539 2180 686 2260 praesidio
705 2180 741 2240 ad
761 2179 847 2241 litora
866 2184 955 2242 maris
974 2182 1059 2243 rubri
1083 2184 1130 2243 de-

83 2288 109 2328 ro
123 2261 234 2351 dunit,¹
248 2271 326 2332 unde
350 2272 448 2331 vitalis
467 2269 643 2330 Parthorum
666 2268 774 2330 linibus
797 2271 907 2348 patrias
933 2272 964 2331 iu
983 2271 1069 2332 sodes
1088 2289 1134 2331 re·

123 2377 266 2421 meavere.

190 2446 241 2510 26.
261 2447 339 2518 Quin
358 2455 388 2507 et
401 2445 553 2507 Tiridaten
572 2464 625 2526 per
645 2445 745 2506 Medos
765 2454 896 2507 extrema
913 2447 1069 2508 Armeniae
1090 2450 1133 2507 ln-

124 2544 264 2616 trantem,
283 2536 445 2614 praemisso
460 2553 528 2596 cum
547 2535 663 2596 auxiliis
677 2533 823 2595 Verulano
841 2533 937 2613 legato
952 2543 1049 2615 'atque
1069 2538 1133 2615 ipse

123 2624 290 2703 legionibus
305 2626 385 2706 citis,
405 2624 486 2685 abire
505 2623 610 2702 procul
625 2642 658 2683 ao
673 2641 755 2702 spem
769 2622 840 2682 belli
853 2625 988 2683 amittere
1004 2623 1133 2704 subegit3

125 2731 258 2791 quosque
277 2713 363 2773 nobis
386 2730 505 2774 aversos
528 2714 633 2772 animis
656 2718 845 2792 cognoverat,
874 2711 1013 2773 caedibus
1038 2720 1069 2773 et
1091 2715 1133 2772 in·

98 2800 238 2861 scendiis
274 2801 486 2880 perpopulatus
521 2801 740 2879 possessionem
775 2801 931 2861 Armeniae
963 2801 1134 2880 usurpabat,

125 2907 193 2950 cum
212 2888 329 2949 advenit
347 2889 489 2967 Tigranes
508 2907 524 2948 a
542 2888 659 2949 Nerone
683 2887 719 2948 ad
739 2889 953 2966 capessendum
977 2891 1134 2968 imperium

190 3095 242 3163 ⁴24,
256 3100 272 3149 5
288 3093 425 3164 pluraque
439 3095 538 3150 Jacob:
557 3095 738 3163 pluraquam
753 3097 758 3163 Ι
774 3095 916 3163 toleranti,
936 3112 983 3151 em.
1000 3095 1114 3151 Ernesti
1130 3096 1132 3162 l

126 3173 142 3222 9
161 3166 208 3222 vix
225 3165 328 3221 vitarit
345 3165 492 3220 Acidaliae
516 3169 520 3235 l
545 3165 590 3233 25,
611 3171 625 3219 1
649 3165 775 3235 Legerda
793 3167 1003 3236 Bezzenberger:
1026 3166 1137 3236 legerat

129 3238 132 3308 1
149 3245 165 3293 3
181 3236 302 3310 aggeris,
320 3254 368 3293 em.
382 3236 520 3292 Bdttlober
540 3236 701 3306 (aggeribus
718 3236 806 3307 Ryclc)
823 3239 827 3305 Ι
844 3236 1006 3303 'tuologese
1022 3239 1027 3303 Ι
1043 3239 1136 3292 osten-

125 3311 205 3363 tante
221 3311 225 3378 1
241 3309 286 3376 26,
304 3316 317 3364 1
338 3306 406 3376 quin
424 3308 465 3378 et]
486 3305 574 3375 quieti
584 3308 713 3377 Madvig,
733 3308 767 3373 cf.
792 3307 899 3362 Urlichs
912 3305 1136 3374 himeraeum,

121 3396 152 3449 p.
172 3381 245 3448 505t
263 3386 278 3435 3
299 3379 427 3434 omittere
446 3379 577 3460 Apricolo
593 3381 630 3446 14
649 3393 762 3433 aversos
787 3374 887 3431 animis
905 3375 1021 3431 Belclcer:
1047 3377 1083 3432 ab
1107 3393 1138 3433 re

125 3453 202 3573 §pege
221 3467 289 3508 corr.
311 3453 386 3521 lm.)
406 3450 496 3504 anime
516 3447 702 3518 (adversantis
722 3448 887 3514 Niorffldu.
913 3444 1015 3500 rhenos
1035 3448 1138 3503 animis
1169 3503 1174 3512 ,

153 3523 267 3593 grisolo)
