2392 3876
289 171 337 226 AB
355 169 517 226 EXGESSU
534 166 689 226 AUGUSTI
708 173 728 227 l.
748 177 864 229 to-otl.
1042 173 1083 239 31

76 324 176 383 mariti
196 323 290 400 magis
307 338 395 400 quam
409 321 542 399 parentis
555 322 666 401 animo,
685 337 782 399 neque
796 323 890 381 evicta
904 323 936 381 in
949 321 1085 384 lacrimas
1100 339 1126 381 15

76 429 174 489 neque
188 428 259 471 voce
273 408 412 489 supplex3
431 410 707 486 compressisiutra
726 411 824 469 sinum
840 409 976 470 manibus
992 413 1086 488 gravi·

76 500 148 560 dum
168 506 287 560 uterum
307 500 435 565 intuens.
473 495 645 557 ferebantur
663 505 695 557 et
712 496 805 576 spolia
826 495 967 559 Varianae
985 498 1086 578 cladis,

75 588 227 667 plerisque
248 604 352 647 eorum
373 587 425 663 qui
446 592 510 644 turn
531 586 563 646 iu
582 584 762 646 deditionem
781 584 939 646 veniebant
960 586 1087 665 praedae
1161 581 1164 587 ’

76 677 158 737 data:
178 674 267 736 simul
282 674 421 752 Segestes
439 674 517 753 ipse,
535 674 641 752 lugens
654 676 720 736 visu
735 681 764 734 et
778 676 919 735 memoria
933 673 1027 735 bonae
1041 692 1087 735 so·

76 765 192 827 cietatis
210 762 374 841 inpavidus.
1100 782 1127 823 eo

166 848 217 914 58.
240 850 335 911 Verba
353 851 419 911 eius
437 851 468 910 in
486 849 567 910 huuc
585 849 705 910 modum
727 850 823 911 luere:
847 846 917 911 ‘non
940 850 990 910 bic
1014 849 1087 912 mibi

77 943 193 1020 primus
207 956 276 1017 erga
289 938 432 1018 populum
447 935 611 999 Romanum
627 937 696 999 lidei
711 945 741 999 et
754 941 936 1000 constantiae
951 938 1023 1000 dies,
1050 957 1087 1001 ex

78 1045 138 1107 quo
150 1046 167 1087 a
180 1027 247 1088 diro
257 1027 389 1104 Augusto
404 1027 522 1087 civitate
536 1025 662 1088 donatus
677 1044 751 1108 sum,
766 1029 877 1088 amicos
890 1029 1088 1106 inimicosque

78 1134 115 1177 ex
130 1117 235 1177 vestris
250 1114 427 1176 utilitatibus
441 1113 545 1193 delegi,
559 1133 657 1194 neque
670 1115 738 1176 odio
752 1118 865 1194 patriae
879 1109 1005 1199 (quippo
1020 1133 1087 1193 pro·

77 1205 190 1266 ditores
210 1207 298 1266 etiam
319 1206 356 1264 iis
377 1221 453 1282 quos
471 1211 656 1281 anteponunt
672 1205 760 1264 inubi
779 1200 874 1285 sunt),
897 1221 999 1265 verum
1019 1206 1114 1283 quias

76 1293 217 1354 Romanis
234 1293 448 1370 Germanisque
466 1290 546 1350 idem
564 1290 732 1351 conducere
751 1300 781 1351 et
798 1310 901 1370 paoem
920 1310 1008 1370 quam
1027 1292 1087 1352 bel·

76 1382 138 1443 lum
162 1380 332 1461 probabam.
363 1396 436 1454 ergo
456 1384 606 1455 raptorem
625 1376 701 1438 tiliae
719 1396 814 1458 meae,
837 1378 1009 1441 violatorem
1028 1381 1087 1441 soe-

77 1470 159 1528 deris
173 1470 277 1545 vestri,
292 1465 459 1526 Arminium
473 1465 550 1542 apud
566 1464 686 1543 Varum,
703 1468 831 1542 quitum
846 1469 992 1528 exercitui
1005 1486 1087 1546 prae·

78 1554 204 1636 sidebat‚
217 1571 302 1614 reum
316 1554 382 1613 leci.
406 1551 514 1612 dilatus
529 1553 654 1630 segnitia
668 1551 761 1633 ducis,
776 1556 845 1632 quia
858 1571 963 1631 parum
977 1559 1087 1633 praesi-
1102 1557 1105 1562 “

79 1643 123 1704 dii
136 1644 167 1703 in
184 1640 300 1719 legibus
316 1648 392 1720 erat,
412 1648 444 1701 ut
462 1657 510 1700 me
529 1646 559 1700 et
577 1641 741 1716 Arminium
760 1649 791 1702 et
809 1644 945 1702 conscios
963 1645 1088 1704 vinciret
1102 1663 1128 1703 1o

77 1732 219 1810 flagitavi:
238 1731 323 1790 testis
340 1728 389 1790 illa
405 1746 477 1809 nox,
495 1728 568 1788 mibi
582 1730 695 1789 utinam
709 1732 809 1808 potius
823 1730 994 1792 norissima!
1013 1750 1089 1810 quae

77 1827 181 1880 secuta
195 1827 278 1899 suut,
294 1818 397 1878 deileri
411 1819 505 1896 magis
519 1835 608 1896 quam
622 1816 740 1878 delendi
753 1826 893 1898 possunt:
911 1825 1044 1880 ceterum
1059 1829 1089 1881 et

77 1909 168 1970 inieci
186 1915 305 1968 catenas
321 1906 453 1966 Arminio
473 1913 503 1966 et
521 1924 538 1965 a
556 1905 683 1966 factione
702 1908 767 1967 eius
785 1909 909 1969 iniectas
927 1926 1088 1987 perpessus

76 2015 152 2057 sum.
174 2004 263 2074 atque
278 1994 330 2056 ubi
343 1997 472 2074 primum
487 1996 532 2054 tui
545 1995 639 2074 copia,
653 2002 754 2055 vetera
768 1998 852 2057 novis
866 2004 896 2057 et
910 1999 1010 2075 quieta
1024 2006 1088 2059 tur-

76 2081 156 2146 bidis
169 2083 345 2163 antehabeo,
359 2101 457 2162 neque
472 2081 510 2143 ob
524 2085 701 2164 praemium,
721 2083 774 2144 sed
789 2092 822 2145 ut
836 2101 883 2145 me
901 2085 1025 2163 pertidia
1039 2105 1086 2146 ex·
1103 2103 1128 2143 15

77 2172 197 2252 solvam,
211 2171 299 2232 simul
313 2174 395 2249 genti
408 2171 622 2232 Germanorum
637 2171 763 2232 idoneus
780 2172 962 2253 conciliator,
981 2176 1007 2233 si
1021 2192 1088 2252 pae-

77 2262 234 2322 nitentium
252 2278 340 2339 quam
358 2261 520 2338 perniciem
541 2259 687 2320 maluerit.
714 2278 769 2339 pro
792 2262 911 2322 iuventa
934 2269 964 2321 et
987 2280 1089 2323 errore

79 2348 133 2410 tilii
150 2351 265 2410 veniam
282 2364 403 2428 precor:
428 2347 517 2408 liliam
538 2350 715 2409 necessitate
732 2348 793 2410 lruc
811 2348 967 2410 adductam
986 2350 1088 2410 fateor.

76 2445 164 2498 tuum
187 2439 245 2498 erit
267 2434 449 2516 consultare,
472 2443 573 2496 utrum
595 2435 775 2516 praevaleat,
800 2438 878 2517 quod
901 2455 937 2498 en
955 2438 1088 2499 Arminio

78 2527 216 2604 concepit
236 2543 273 2586 an
294 2524 374 2604 quod
397 2542 433 2585 er
456 2542 504 2584 me
526 2525 625 2602 genita
649 2520 714 2584 est'
752 2525 859 2585 Caesar
882 2525 1021 2586 clementi
1043 2545 1088 2586 re·
1103 2545 1129 2584 ro

77 2631 188 2692 sponso
208 2612 309 2673 liberis
322 2614 558 2691 propinquisque
573 2613 638 2672 eius
652 2611 898 2692 incolumitatem,
916 2616 973 2692 ipsi
988 2614 1089 2675 sedem

78 2708 179 2759 vetere
198 2702 229 2760 iu
247 2701 398 2777 provincia
416 2698 582 2777 pollicetur.
610 2698 773 2762 exercitum
789 2701 907 2762 reduxit
921 2719 1088 2781 nomenque

79 2787 268 2865 imperatoris
291 2793 411 2847 auctore
433 2785 553 2871 Tiberio
580 2790 708 2866 accepit·
739 2789 864 2851 Arminii
893 2809 968 2851 orror
995 2791 1089 2852 virilis

78 2892 170 2936 sexus
189 2875 312 2953 stirpem
331 2874 436 2935 edidit:
454 2874 597 2936 educatus
613 2875 768 2937 Ravennae
786 2896 862 2956 puer
881 2897 940 2959 quo
959 2898 1026 2940 mox
1046 2879 1088 2941 lu-

78 2963 176 3025 dibrio
195 2962 381 3024 condictatus
400 2964 451 3043 sit,
470 2964 501 3024 in
520 2971 653 3042 tempore
671 2965 849 3027 memorabo.
1102 2983 1128 3024 as

146 3049 196 3112 59.
221 3050 309 3112 Fama
335 3051 428 3112 dediti
455 3050 640 3132 benigneque
666 3056 782 3132 excepti
808 3054 939 3134 Segestis
964 3055 1088 3137 vulgata,

78 3149 113 3202 ut
127 3139 296 3219 quibusque
310 3139 421 3202 bellum
434 3141 535 3201 invitis
549 3149 601 3203 aut
614 3142 804 3221 cupientibus
818 3152 895 3224 erat,
913 3162 965 3223 spe
980 3143 1025 3204 vol
1039 3145 1089 3205 do·

77 3229 141 3289 lore
151 3230 303 3308 accipitur.
327 3229 492 3290 Arminium
503 3246 594 3309 super
604 3232 723 3291 insitam
733 3231 901 3292 violentiam
912 3240 995 3311 rapta
1005 3250 1090 3315 uxor,

150 3362 196 3431 bl,
217 3371 250 3419 15
269 3363 361 3419 evicta
379 3365 424 3419 Al.
444 3365 564 3434 Ruperti
581 3371 609 3419 et
624 3364 751 3435 Spengel:
777 3363 861 3433 victa,
881 3367 915 3433 cf.
935 3371 979 3434 11,
999 3370 1035 3423 37
1052 3368 1090 3421 ad

78 3432 289 3489 miserationem
308 3434 413 3502 evicta,
432 3435 471 3490 H.
491 3440 522 3502 2,
541 3439 577 3490 64
595 3433 625 3488 in
643 3433 779 3504 gaudium
797 3435 889 3490 evicta
905 3440 909 3503 1
925 3436 971 3504 58,
990 3443 1023 3492 it
1042 3455 1089 3492 ue-

77 3507 142 3559 tera
160 3510 177 3573 ‚t
196 3523 230 3561 m.
249 3507 322 3562 unde
340 3506 452 3577 quidem
469 3505 582 3572 Vetera,
601 3507 636 3573 cf.
657 3507 779 3574 Pfitzner
796 3509 872 3564 Ano.
890 3507 917 3563 d.
934 3507 996 3564 Tac.
1008 3527 1038 3579 p.
1054 3514 1090 3564 47
