2408 3870
125 179 168 243 84
408 175 577 230 CORNELII
595 174 713 230 TAOlTI
733 175 799 231 LlB.
818 175 851 231 IL

124 329 317 389 sanctimonia
344 325 509 386 Vestalibus
538 327 630 386 sacris
657 325 860 406 praesederat,
891 327 1010 405 egitque
1040 335 1148 405 grates

123 415 245 476 Fonteio
264 416 410 495 Agrippae
435 423 464 474 et
483 414 609 474 Domitio
630 413 768 494 Pollioni,
792 414 871 493 qnod
892 414 1045 475 offerendo
1065 416 1147 478 illias

96 505 160 565 ode
180 505 278 565 cilicio
296 507 326 565 in
345 522 409 563 rem
427 501 576 581 publicam
595 509 752 563 certarent.
784 501 916 582 praelata
936 510 983 563 est
995 502 1147 567 Pollionis

123 593 190 674 filia,
212 611 271 653 non
290 592 328 654 ob
348 591 426 653 aliud
446 608 534 670 quam
553 591 632 669 quod
646 599 740 651 mater
755 593 820 651 cius
834 593 865 651 in
880 591 984 652 eodem
998 595 1147 673 coniugio

122 681 273 762 manebat5
292 699 359 741 nam
373 680 502 758 Agrippa
522 679 647 740 discidio
662 679 782 740 domum
797 681 995 741 imminuerat.
1024 689 1055 742 et
1069 681 1147 744 Cae·

123 789 171 831 sar
186 771 319 848 quamvis
333 767 533 847 posthabitam
547 768 667 829 deciens
682 770 814 829 sestertii
829 768 896 828 dote
911 768 1023 830 solatus
1039 777 1097 831 est.

191 856 242 918 87.
271 857 427 917 Saevitiam
445 874 578 917 annonae
592 859 748 918 incusante
766 856 853 935 plebe
868 860 972 918 statuit
985 857 1146 922 frumento

123 948 267 1026 pretium,
287 945 365 1024 quod
380 953 496 1024 emptor
509 945 666 1024 penderet,
688 945 833 1024 binosque
852 963 989 1006 nummos
1008 964 1043 1007 se
1057 949 1146 1010 addi-

123 1044 225 1095 turum
240 1033 473 1112 negotiatoribus
487 1036 518 1094 in
534 1033 666 1113 singulos
680 1034 803 1095 modios.
831 1051 929 1114 neque
943 1043 1043 1096 tamen
1056 1036 1097 1097 ob
1110 1057 1147 1099 ea

97 1131 99 1135 ’
123 1125 256 1202 parentis
269 1125 381 1201 patriae
397 1121 526 1183 delatum
545 1130 575 1183 et
595 1130 680 1185 antea
694 1121 870 1184 vocabulum
885 1123 1038 1204 adsumsit,
1057 1144 1146 1188 acer-

96 1211 219 1290 obeque
234 1213 383 1289 increpuit
397 1228 457 1292 eos,
479 1213 531 1290 qui
549 1211 663 1271 divinas
681 1214 891 1291 occupationes
909 1214 1069 1291 ipsumque
1091 1215 1146 1276 do·

123 1303 237 1360 minum
251 1300 394 1360 dixerant.
422 1298 501 1360 unde
516 1308 639 1378 angusta
654 1308 684 1361 et
697 1299 811 1361 lubrica
821 1302 915 1361 oratio
926 1299 982 1362 sub
992 1303 1146 1385 principe,

124 1392 176 1470 qui
189 1388 355 1450 libertatem
369 1388 528 1470 metuebat,
543 1388 742 1449 adulationem
756 1389 867 1450 oderat.

190 1475 241 1540 88.
272 1477 399 1556 Reperio
432 1475 510 1558 apud
544 1481 705 1556 scriptores
734 1487 945 1556 senatoresque
973 1480 1146 1543 eorundem

122 1575 291 1645 temporum
304 1567 512 1647 Adgandestrii
532 1569 677 1646 principis
692 1565 865 1628 Chattorum
880 1567 971 1628 lectas
985 1569 1018 1627 in
1032 1580 1145 1632 senatu

122 1656 245 1737 litterae,
261 1655 369 1734 quibus
383 1663 510 1716 mortem
519 1654 645 1715 Arminii
653 1653 853 1735 promittebat,
864 1659 889 1716 si
898 1655 1060 1734 patrandae
1071 1663 1145 1721 neci

122 1762 270 1805 venenum
287 1747 470 1824 mitteretur3
494 1760 728 1823 responsumque
753 1761 818 1805 esse
837 1762 897 1806 non
916 1744 1020 1806 lraude
1040 1764 1145 1827 neque

96 1833 262 1913 coccultis,
286 1832 337 1892 sed
357 1832 452 1911 palam
472 1839 501 1890 et
522 1838 667 1891 armatum
686 1832 829 1912 populum
848 1832 1013 1893 Romanum
1037 1834 1145 1898 hostes

123 1939 194 1982 suos
217 1921 331 1980 ulcisci.
368 1937 425 1998 qua
440 1919 533 1997 gloria
546 1919 691 1998 aequabat
710 1939 742 1981 se
761 1920 899 1982 Tiberius
917 1922 1027 2001 priscis
1046 1924 1144 2003 impe·

123 2007 281 2088 ratoribus,
303 2010 355 2086 qui
368 2025 515 2067 venenum
529 2009 560 2068 in
574 2007 701 2087 Pyrrum
715 2027 816 2089 regem
830 2017 985 2071 vetuerant
999 2011 1145 2089 prodide-

123 2105 258 2174 rantque⁶
286 2105 419 2156 ceterum
432 2096 584 2157 Arminius
599 2096 827 2159 abscedentibus
842 2098 983 2159 Romanis
1002 2107 1034 2160 et
1051 2101 1143 2178 pulso

123 2184 303 2245 Maroboduo
323 2202 448 2263 regnum
467 2185 617 2246 adfectans
636 2185 804 2247 libertatem
824 2187 1011 2266 popularium
1036 2188 1143 2251 adver-

84 2290 111 2330 ao
125 2291 187 2335 sam
201 2273 313 2353 habuit,
327 2275 498 2352 petitusque
513 2276 602 2334 armis
617 2293 686 2335 cum
699 2277 779 2336 varia
790 2275 908 2337 fortuna
918 2284 1057 2358 certaret,
1071 2277 1144 2340 dolo

124 2364 361 2443 propinquorum
384 2363 504 2423 cecidit:
532 2363 673 2424 liberator
695 2362 774 2425 haud
798 2364 887 2425 dubie
910 2363 1087 2427 Germaniae
1113 2377 1145 2429 et

124 2454 175 2531 qui
191 2470 249 2511 non
264 2451 425 2530 primordia
446 2451 548 2530 populi
562 2451 695 2532 Romani,
714 2455 793 2514 sicut
813 2453 863 2513 alii
876 2471 962 2532 reges
977 2454 1143 2539 ducesque,

124 2541 175 2601 sed
195 2541 439 2602 florentissimum
457 2542 616 2618 imperium
636 2541 808 2623 lacessierit,
831 2542 953 2620 proeliis
972 2541 1143 2628 ambiguus,

123 2629 200 2691 bello
224 2648 283 2690 non
303 2632 409 2691 victus.
442 2637 556 2707 septem
575 2637 605 2690 et
623 2632 745 2708 triginta
763 2648 855 2692 annos
875 2634 960 2711 vitae,
979 2631 1143 2695 duodecim

84 2732 110 2773 15
123 2720 273 2796 potentiae
292 2719 432 2799 explerit,
456 2719 632 2798 caniturque
653 2718 750 2780 adhuc
768 2718 909 2780 barbaras
927 2721 1005 2798 apud
1024 2730 1143 2805 gentes,

124 2805 304 2865 Graecorum
319 2806 474 2868 annalibus
487 2809 615 2888 ignotus,
636 2810 688 2886 qui
705 2825 759 2869 sua
777 2815 892 2869 tantum
906 2810 1063 2891 mirantur,
1082 2810 1143 2873 llo-

124 2895 219 2954 manis
237 2893 316 2953 haud
335 2896 458 2973 perinde
478 2896 616 2976 celebris,
640 2896 711 2957 dum
729 2904 829 2958 vetera
848 2896 1016 2960 extollimus
1034 2916 1143 2964 recen·

124 2984 199 3042 tium
213 2984 365 3042 incuriosi.
1044 3046 1066 3071 ῃ

1046 3072 1057 3105 il

196 3135 241 3204 86,
261 3142 278 3190 4
296 3133 420 3189 Domitio
439 3134 567 3204 Lipsius:
587 3134 705 3191 comioio
726 3139 731 3206 Ι
751 3138 796 3206 87,
816 3144 831 3194 5
858 3108 1058 3208 occupationes
1077 3141 1143 3198 eine

125 3207 216 3263 Recter
232 3214 236 3277 Ι
253 3205 298 3276 88,
319 3213 333 3260 1
354 3205 532 3275 senioresque
550 3206 668 3276 Iapetus
685 3211 821 3280 malebat!
840 3216 870 3267 11
889 3209 1032 3266 haudubie

526 3444 738 3453 ----.-...
