2408 3870
137 159 180 225 28
483 157 652 216 CORNELII
671 157 792 216 Taciti

139 312 230 373 latera
245 321 275 373 et
288 313 416 374 frontem
431 313 546 374 modice
565 312 759 393 adsultantes,
778 321 839 374 tota
857 315 887 375 ri
904 315 1084 376 novissimos
1107 318 1151 375 iu·

99 418 124 456 ιε)
139 419 270 462 currere.
298 401 554 481 turbabanturque
572 403 672 462 densis
691 401 904 463 Germanorum
923 405 1051 464 catervis
1071 402 1152 465 leves

139 491 290 571 cobortes,
309 509 377 552 cum
393 491 500 552 Caesar
518 490 659 551 advectus
678 490 713 549 ad
729 492 943 551 vicensimanos
956 509 1028 552 voce
1043 510 1152 571 magna

139 581 196 644 hoc
215 581 286 642 illud
307 591 424 659 tempus
443 579 644 641 obliterandae
668 579 821 639 seditionis
840 578 1019 640 clamitabat:
1045 597 1151 659 perge·

139 677 219 748 rent,
238 677 434 748 properarent
451 668 567 747 culpam
586 671 616 729 in
631 667 723 729 decus
738 676 862 728 vertere.
890 685 1027 728 exarsere
1041 670 1152 729 animis

140 776 258 837 unoque
268 760 381 836 impetu
395 767 571 837 perruptum
585 757 701 818 bostem
710 755 888 834 rediguntin
899 764 998 834 aperta
1008 757 1152 818 caedunt·

100 863 125 901 so
140 865 211 926 que:
236 846 324 906 simul
346 842 435 924 primi
459 848 583 926 agminis
606 848 708 925 copiae
736 862 855 906 evasere
881 846 968 905 silvas
991 854 1152 925 castraque

139 936 367 995 communivere.
404 937 537 1014 quietum
560 935 630 995 iude
653 936 723 1014 iter,
746 934 899 1012 fidensque
922 933 1098 995 recentibus
1118 953 1152 995 ac

138 1026 273 1101 priorum
288 1021 397 1083 oblitus
410 1023 495 1085 miles
509 1025 540 1084 in
555 1023 688 1084 bibernis
702 1023 824 1084 locatur.

205 1108 257 1172 52.
271 1110 411 1172 Nuntiata
425 1129 459 1172 ee
473 1111 625 1172 Tiberium
640 1111 750 1172 laetitia
768 1130 898 1192 curaque
913 1111 1067 1174 adiecere:
1081 1131 1152 1192 gau·

140 1199 228 1260 debat
242 1217 413 1278 oppressam
428 1199 612 1281 seditionem,
633 1201 684 1260 sed
700 1200 779 1279 qnod
794 1201 953 1280 largiendis
966 1204 1109 1280 pecuniis
1124 1210 1153 1263 et

140 1290 281 1348 missione
296 1287 432 1349 testinata
446 1289 575 1349 savorem
590 1288 717 1349 militum
731 1292 937 1370 quaesivisset,
956 1289 1066 1350 bellica
1080 1308 1153 1370 quo

140 1394 198 1455 que
213 1376 380 1437 Germanici
398 1376 490 1455 gloria
509 1376 679 1455 augebatur.
707 1377 823 1438 rettulit
844 1387 941 1439 tamen
961 1378 996 1438 ad
1012 1389 1153 1440 senatum

113 1464 176 1524 ode
195 1464 286 1526 rebus
304 1468 396 1544 gestis
414 1465 565 1545 multaque
584 1467 621 1526 de
640 1468 749 1526 virtute
768 1469 833 1526 eius
851 1468 1038 1546 memoravit,
1057 1471 1154 1545 magis

139 1555 170 1613 iu
185 1556 315 1632 speciem
329 1552 428 1614 verbis
442 1555 582 1615 adornata
597 1572 685 1633 quam
699 1562 733 1615 ut
751 1557 871 1633 penitus
885 1557 997 1615 sentire
1011 1556 1154 1616 credere·

57 1668 63 1677 ·
139 1650 197 1702 tur.
221 1643 411 1721 paucioribus
421 1642 551 1703 Drusum
565 1651 595 1703 et
609 1644 698 1702 tinem
707 1642 816 1722 lllyrici
829 1652 928 1703 motus
942 1641 1084 1725 laudavit,
1100 1645 1152 1705 sed

139 1733 281 1792 intentior
300 1738 331 1790 et
348 1731 405 1791 lida
424 1733 565 1791 oratione.
603 1738 768 1810 cunctaque
793 1749 868 1811 quae
887 1730 1085 1793 Germanicus
1110 1734 1153 1793 in·

139 1818 284 1898 dulserat,
299 1822 426 1880 servavit
440 1821 528 1880 etiam
543 1818 620 1896 apud
634 1818 820 1880 Pannonicos
834 1821 991 1880 exercitus.

206 1903 258 1967 53.
276 1905 389 1968 Eodem
402 1924 479 1968 anuo
493 1907 566 1968 iulia
580 1925 753 1985 supremum
767 1907 845 1967 diem
865 1907 949 1988 obiit,
969 1907 1007 1967 ob
1022 1909 1153 1987 impudi-

139 1997 239 2056 citiam
258 1994 326 2054 olim
347 2013 362 2054 a
381 2004 465 2073 patre
484 1997 617 2074 Augusto
632 1996 806 2056 Pandateria
825 1996 933 2076 insula,
952 2014 1020 2056 mox
1040 1997 1172 2077 oppido'

80 2082 84 2093 '
115 2140 118 2145 .
137 2082 332 2163 Reginorum,
352 2086 403 2162 qui
418 2083 551 2145 Siculum
569 2085 679 2144 fretum
698 2082 846 2164 accolunt,
866 2084 972 2145 clausa.
1001 2085 1153 2147 lucratio

137 2173 324 2232 matrimonio
352 2171 464 2233 Tiberii
491 2171 667 2234 florentibus
695 2172 766 2232 Gaio
794 2181 824 2232 et
850 2172 942 2233 Lucio
970 2171 1153 2235 Caesaribus

112 2272 124 2313 a
139 2268 349 2338 spreveratque
364 2270 398 2322 ut
411 2263 559 2341 inparem3
576 2279 632 2321 nec
651 2260 706 2319 alia
724 2270 784 2320 tam
802 2262 904 2320 intima
919 2259 1040 2321 'liberio
1059 2279 1153 2325 causa

139 2366 194 2407 cur
209 2347 346 2409 Rhodum
365 2349 545 2410 abscederet.
574 2350 732 2426 imperium
751 2348 876 2428 adeptus
894 2358 1057 2430 extorrem,
1077 2350 1152 2413 insa

138 2454 216 2496 mem
226 2443 256 2496 et
266 2445 334 2515 post
348 2439 538 2499 interiectum
549 2437 722 2497 Postumum
731 2438 890 2516 Agrippam
900 2440 996 2498 omnis
1006 2440 1074 2516 spei
1084 2456 1152 2518 ege·

138 2544 206 2585 uam
220 2527 318 2604 inopia
333 2544 367 2586 ar
381 2524 448 2587 tabe
463 2525 547 2604 longa
563 2528 702 2606 peremit,
716 2523 873 2586 obscuram
888 2526 951 2586 lore
965 2543 1073 2586 nocem
1088 2526 1151 2589 lon·

138 2615 300 2693 ginquilate
324 2614 405 2674 exilii
428 2623 519 2674 ratus.
550 2631 604 2691 par
624 2632 712 2674 causa
731 2616 869 2673 saevitiae
887 2616 918 2673 in
937 2612 1152 2692 Sempronium

99 2715 124 2753 10
139 2702 318 2783 Gracchum,
336 2705 386 2781 qui
401 2701 509 2762 familia
523 2700 628 2779 nobili,
647 2701 752 2761 sollers
765 2703 884 2778 iugenio
899 2708 929 2762 et
941 2719 1032 2779 prave
1046 2693 1152 2766 lir'rsun·

139 2791 207 2870 dus,
226 2793 349 2851 eandem
368 2790 472 2851 Iuliam
490 2792 522 2849 in
540 2790 727 2849 matrimonio
747 2789 838 2850 Marci
856 2790 1002 2868 Agrippae
1021 2799 1151 2854 temera·

137 2887 227 2939 verat.
256 2897 311 2939 uec
325 2881 352 2939 is
365 2878 482 2938 libidini
496 2879 576 2938 linis:
590 2877 727 2937 traditam
742 2876 861 2938 Tiberio
876 2881 1013 2956 pervicax
1030 2879 1152 2942 adulter

138 2969 322 3028 contumacia
340 2975 370 3026 et
380 2967 456 3026 odiis
470 2968 501 3026 in
518 2967 655 3025 maritum
673 2965 865 3046 accendebat3
887 2965 1059 3046 literaeque,
1076 2987 1152 3049 quas

137 3055 210 3115 iulia
229 3056 307 3132 patri
321 3054 453 3132 Augusto
469 3071 536 3114 cum
546 3056 739 3114 insectatione
754 3052 866 3113 Tiberii
883 3055 1012 3135 scripsit,
1026 3073 1043 3115 a
1057 3056 1150 3119 Grac·

99 3156 124 3196 15
138 3144 193 3203 cho
208 3143 388 3219 compositae
402 3141 608 3203 credebantur.
635 3143 728 3220 igitur
743 3150 859 3202 amotus
873 3142 1040 3222 Cercinam,
1054 3145 1151 3207 dirici

138 3233 229 3292 maris
247 3229 387 3308 insulam,
407 3229 643 3308 quatturodecim
662 3232 746 3289 aunis
765 3229 885 3289 exilium
901 3230 1048 3292 toleravit
1078 3220 1151 3299 tam

138 3317 247 3379 milites
261 3316 296 3376 ad
313 3317 432 3377 caedem
447 3319 530 3378 missi
546 3320 685 3377 invenere
702 3319 731 3377 in
749 3319 929 3395 prominenti
945 3316 1056 3399 litoris,
1076 3320 1152 3384 nibil
1190 3322 1196 3363 l

127 3407 247 3466 laetum
267 3407 479 3483 opperientem.
508 3424 634 3484 quorum
652 3406 778 3466 adventu
795 3405 884 3466 breve
901 3415 1019 3485 tempus
1035 3412 1152 3491 petivit,

138 3501 171 3554 ut
190 3511 328 3572 suprema
347 3494 482 3555 mandata
503 3496 590 3555 uxori
608 3493 744 3557 Alliariae
765 3512 819 3574 per
840 3494 940 3555 literas
961 3495 1063 3577 daret,
1089 3517 1152 3561 cer·
1177 3500 1180 3506 ‘
