2408 3870
338 649 654 763 conuiuii
693 679 922 762 rnorrr

376 823 424 893 AB
447 822 612 893 excussu
634 823 710 892 btvt
731 821 891 894 AUGUSTI
991 894 1004 915 1,

545 970 717 1054 urerent

194 1117 220 1180 1.
235 1118 275 1160 *³¹⁸
290 1137 357 1180 nam
366 1118 514 1181 Valerium
524 1120 694 1201 Asiaticum,
709 1119 755 1180 bis
765 1119 926 1201 consulem,
941 1121 1033 1182 fuisse
1043 1140 1134 1202 quon-

124 1210 191 1270 tam
206 1208 371 1270 adulterum
386 1210 451 1270 eius
466 1208 605 1290 credidit,
619 1210 789 1289 pariterque
804 1208 900 1270 hortis
913 1209 1044 1292 inhians,
1060 1229 1134 1291 quos

124 1298 173 1359 ille
194 1296 345 1358 aLucullo
365 1306 486 1376 coeptos
504 1297 849 1376 insigni-magnificentia
867 1297 1039 1378 extollebat,
1058 1298 1134 1360 Suil-

124 1387 194 1448 lium
205 1386 379 1465 accusandis
388 1388 524 1466 utrisque
534 1388 674 1447 immittit.
694 1385 864 1465 adiungitur
874 1385 1009 1447 Sosibius
1019 1386 1133 1447 Britan-

96 1477 184 1559 auici
203 1475 357 1556 educator,
376 1477 428 1553 qui
446 1492 500 1554 per
518 1476 649 1553 speciem
666 1473 887 1535 benevolentiae
902 1484 1037 1536 moneret
1050 1475 1132 1537 Clau-

119 1565 205 1640 'dium
229 1581 333 1624 carere
356 1565 415 1623 vim
438 1571 526 1642 atque
550 1582 622 1643 opes
645 1561 831 1643 principibus
854 1564 998 1625 infensas:
1022 1567 1133 1643 praeci-

123 1671 215 1732 puum
234 1659 386 1713 auctorem
400 1651 562 1712 Asiaticum
576 1651 775 1713 interficiendi
791 1653 852 1713 Gai
863 1651 997 1713 Caesaris
1012 1670 1071 1713 non
1086 1672 1134 1713 ex-

123 1743 257 1802 timuisse
277 1742 414 1800 contione
433 1741 464 1799 in
483 1739 586 1818 populi
603 1740 727 1800 ltomani
750 1740 837 1800 fateri
860 1740 1042 1821 gloriamque
1066 1741 1133 1801 laci-

123 1832 205 1890 noris
223 1829 302 1889 ultro
321 1835 438 1907 petere3
457 1827 569 1889 clarum
587 1847 623 1888 ex
641 1846 676 1888 eo
695 1830 726 1888 in
740 1828 828 1909 urbe,
842 1828 935 1889 didita
948 1847 1003 1909 per
1016 1831 1133 1908 proriu-

84 1936 108 1974 ιο
124 1921 184 1978 cias
207 1918 283 1977 lama
301 1934 405 1995 parare
425 1918 483 1976 iter
501 1916 537 1977 ad
556 1916 747 1978 Germanicos
765 1919 926 1999 exercitus,
950 1919 1067 1998 quando
1086 1936 1133 1997 ge·

123 2008 204 2066 nitus
218 2003 347 2064 Viennae
361 2002 522 2083 multisque
537 2011 567 2065 et
580 2003 684 2065 validis
702 2005 975 2086 propinquitatibus
989 2005 1133 2068 subnixus

124 2092 245 2154 turbare
259 2091 384 2171 gentiles
399 2093 533 2153 nationes
547 2099 717 2171 promptum
731 2092 863 2155 haberet.
891 2102 921 2155 at
935 2094 1077 2156 Claudius
1091 2097 1134 2157 ni·

123 2182 165 2241 hil
183 2180 261 2241 ultra
280 2187 430 2241 scrutatus
450 2182 517 2241 citis
536 2199 604 2241 cum
617 2181 762 2242 militibus
776 2190 926 2264 tamquam
939 2183 1135 2263 opprimendo

123 2269 200 2329 bello
219 2269 388 2347 Crispinum
406 2271 549 2347 praetorii
566 2269 749 2348 praelectum
765 2273 859 2353 misit,
883 2290 899 2332 a
918 2288 976 2352 quo
995 2281 1135 2353 repertus

84 2374 109 2412 15
124 2365 169 2418 est
183 2358 260 2436 apud
275 2357 360 2417 Baias
374 2357 537 2436 vinclisque
551 2358 654 2420 inditis
667 2360 698 2419 iu
713 2358 819 2421 urbem
832 2368 944 2440 raptus.
1012 2388 1015 2393 2

189 2445 217 2507 2.
240 2444 343 2526 Neque
366 2445 433 2507 data
457 2453 577 2508 senatus
599 2449 696 2527 copia:
720 2449 798 2510 intra
818 2447 988 2511 cubiculum
1006 2450 1135 2531 auditur,

122 2534 277 2595 Messalina
297 2553 410 2615 coram,
429 2543 459 2595 et
474 2534 577 2596 Suillio
595 2538 817 2616 corruptionem
832 2537 972 2617 militum,
991 2555 1066 2618 quos
1083 2556 1135 2617 pe-

122 2626 210 2684 cunia
223 2631 253 2684 et
268 2630 371 2701 stupro
385 2625 417 2683 in
436 2641 522 2683 omne
540 2622 684 2705 flagitium
703 2624 863 2687 obstrictos
881 2625 1043 2709 arguebat,
1056 2629 1135 2689 exim

93 2817 96 2822 ·
193 2792 334 2848 Lectiones
352 2793 548 2850 diversorium
565 2800 631 2850 sient
650 2795 771 2852 Medieei
788 2797 902 2853 alterins
918 2797 1009 2863 (Pon.
1028 2800 1074 2866 68,
1092 2801 1134 2866 2),

122 2865 172 2934 qni
184 2864 263 2919 babet
273 2865 437 2932 posteriores
450 2866 606 2920 Annalium
619 2871 645 2922 et
656 2865 848 2923 Historiarum
862 2867 953 2924 libros.
985 2867 1134 2936 menno,

121 2936 220 3005 qnibns
237 2939 333 2989 unctor
350 2935 545 2991 ernendationis
562 2952 620 2991 non
637 2937 794 3006 adscriptus
811 2943 863 3005 est,
884 2939 941 2994 iam
964 2939 996 2994 in
1018 2939 1137 2996 editione

116 3007 247 3076 principe
265 3010 315 3061 ant
332 3005 364 3059 in
382 3006 474 3076 aliquo
493 3007 616 3062 coctiones
629 3007 800 3076 dncriornn,
818 3023 886 3077 qnos
900 3023 991 3065 ornnes
1004 3025 1038 3066 ea
1050 3011 1135 3066 unico

123 3078 249 3132 Mediceo
275 3077 387 3144 fluxisse
414 3082 533 3145 constat,
561 3083 694 3133 correctae
716 3084 788 3134 sinit
821 3077 857 3133 el.
880 3079 923 3134 ael
945 3077 1013 3134 nete.
1037 3079 1070 3135 in
1092 3081 1136 3136 bis

122 3149 202 3202 libris
220 3148 345 3203 lectiones
362 3149 558 3215 memorabiles,
585 3164 654 3217 qnae
676 3150 709 3203 in
727 3150 819 3219 aliqua
837 3150 928 3206 codice
945 3150 1075 3206 Moriere
1092 3153 1136 3206 in-

121 3219 283 3286 aeniwntrr,
301 3219 448 3290 sipnifieat.
971 3263 974 3266 .

194 3288 220 3355 1,
240 3293 256 3342 6
276 3286 371 3342 caueri
386 3291 390 3358 Ι
408 3294 423 3343 ‘t
442 3286 497 3342 Gai
520 3289 583 3344 adal.
603 3288 647 3344 Aa.
667 3289 786 3360 Ruperti
801 3292 838 3360 18
857 3289 989 3346 contione
1013 3289 1045 3346 in
1072 3309 1135 3348 nos:

123 3357 295 3423 contionem
314 3359 347 3413 de
361 3359 456 3428 posito
469 3360 683 3428 praepositionis
700 3377 724 3416 a.
740 3361 900 3433 Nipperdey
912 3361 951 3418 aa
964 3364 991 3430 3,
1005 3365 1044 3418 72
1059 3363 1065 3435 Ι
1080 3362 1107 3430 2,
1120 3370 1137 3418 3

122 3427 199 3483 omni
217 3427 336 3498 flagitio,
355 3445 403 3484 ena.
425 3429 576 3486 Rhcnnnns
