2392 3876
282 184 332 238 AB
350 183 511 241 Excusso
527 184 682 241 AUGUSTI
700 186 747 241 vi.
767 193 880 242 ao-ae.
1016 187 1079 252 183

73 334 141 394 dem
163 332 315 394 exsolutus
333 333 402 397 urbi
419 334 596 413 praefuerat.
634 351 728 414 genus
746 334 790 396 illi
807 335 960 414 decorum,
984 334 1080 396 vivida

73 428 225 502 senectus3
244 429 274 482 et
292 440 352 482 non
369 424 526 502 permissa.
532 423 684 501 provincia
702 423 902 502 dignationem
919 421 1079 484 addiderat

73 511 150 571 exim
167 509 271 570 Flacco
284 509 446 589 Pomponio
460 510 564 572 Suriae
581 528 637 588 pro
651 519 787 589 praetore
801 511 941 572 defuncto
954 513 1080 572 recitan-

74 606 123 659 tur
141 597 274 664 Caesaris
297 598 425 680 litterae,
449 601 516 678 quis
535 597 689 659 incusabat
708 601 860 676 egregium
880 617 1027 679 quemque
1050 606 1081 660 et

73 686 210 765 regendis
229 686 410 748 exercitibus
428 687 568 749 idoneum
585 685 716 749 abnuere
735 687 765 748 id
788 705 910 767 munus,
935 705 1027 767 seque
1045 706 1080 748 ea
1095 703 1121 745 ro

72 775 291 836 necessitudine
310 774 346 835 ad
365 793 470 854 preces
493 777 570 855 cogi,
594 793 648 854 per
671 793 743 854 quas
767 775 967 837 consularium
989 776 1082 855 aliqui

72 881 227 941 capessere
245 866 413 943 provincias
432 863 634 944 adigerentur,
657 863 766 924 oblitus
784 864 971 944 Arruntium,
994 881 1032 925 ne
1050 867 1082 925 in

72 950 243 1028 Hispaniam
257 959 407 1033 pergeret,
421 951 579 1013 decumum
592 954 651 1013 iam
664 970 774 1012 annum
788 952 917 1014 attineri.
945 950 1019 1013 obiit
1033 969 1081 1013 eo·

73 1039 140 1098 dem
154 1056 230 1099 anno
245 1047 275 1100 et
288 1038 335 1099 Μ’.
344 1038 482 1120 Lepidus,
497 1038 534 1101 de
548 1040 634 1101 cuins
647 1040 849 1101 moderatione
863 1048 953 1119 atque
967 1043 1081 1119 sapien·

73 1129 113 1186 tia
127 1128 159 1187 in
171 1125 322 1205 prioribus
335 1127 420 1189 libris
434 1130 507 1188 satis
520 1127 678 1189 conlocavi.
706 1146 802 1208 neque
817 1127 955 1190 nobilitas
969 1128 1081 1189 diutius
1096 1143 1123 1184 rs

73 1215 301 1277 demonstranda
319 1223 377 1278 est:
401 1219 509 1295 quippe
529 1215 684 1277 Aemilium
702 1234 796 1294 genus
813 1216 972 1278 fecundum
991 1216 1081 1278 bono-

73 1321 141 1364 rum
155 1306 275 1384 civium,
290 1312 320 1366 et
334 1307 386 1383 qni
400 1304 502 1365 eadem
516 1303 625 1364 familia
639 1306 789 1383 corruptis
801 1304 948 1385 moribus,
962 1304 1082 1366 inlustri

75 1397 172 1450 tamen
186 1391 304 1452 fortuna
319 1410 415 1469 egere.

141 1475 192 1540 28.
211 1478 301 1539 Paulo
321 1478 411 1540 Fabio
430 1480 463 1540 L.
476 1478 592 1541 Vitellio
613 1479 785 1541 consulibus
803 1487 871 1559 post
884 1479 1005 1559 longum
1020 1498 1082 1540 sae-

74 1564 209 1628 culorum
228 1565 371 1628 ambitum
389 1570 450 1628 avis
469 1567 597 1646 phoenix
616 1569 647 1628 in
662 1567 825 1646 Aegyptum
840 1569 920 1629 venit
933 1567 1082 1646 praebuit-

74 1673 132 1733 que
151 1657 303 1715 materiem
322 1655 500 1717 doctissimis
519 1655 725 1734 indigenarum
744 1662 778 1716 at·
792 1654 973 1716 Graecorum
992 1655 1083 1716 multa
1177 1707 1183 1718 .

74 1761 165 1821 super
179 1761 213 1803 eo
229 1742 369 1805 miraculo
383 1744 558 1806 disserendi.
585 1744 622 1805 de
637 1743 745 1822 quibus
763 1751 931 1822 congruunt
949 1750 980 1804 et
997 1743 1083 1821 plura

73 1832 221 1912 ambigua,
245 1832 297 1893 sed
321 1836 441 1911 cognitu
464 1851 524 1893 non
546 1831 675 1894 absurda
692 1850 829 1911 promere
847 1831 927 1893 libet
964 1847 1109 1893 sacrums

74 1919 137 1981 Soli
154 1919 183 1980 id
202 1919 308 1980 animal
327 1929 357 1983 et
375 1938 427 1981 ore
445 1938 478 1982 ac
497 1921 640 1982 distinctu
654 1923 812 1999 pinnarum
826 1939 843 1980 a
857 1922 965 1981 ceteris
979 1919 1082 1981 avibus

74 2008 223 2069 diversum
237 2011 427 2070 consentiunt
441 2011 494 2088 qui
506 2009 631 2070 formam
645 2011 710 2069 eius
728 2009 883 2070 effinxere:
901 2008 938 2069 de
957 2027 1082 2070 numero

73 2114 218 2158 annorum
238 2098 316 2159 varia
334 2097 501 2158 traduntur.
537 2099 662 2160 maxime
680 2096 831 2175 vulgatum
854 2099 1083 2177 quingentorum

74 2186 214 2264 spatium:
234 2192 304 2248 sunt
323 2187 375 2264 qui
393 2185 568 2247 adseverent
586 2185 665 2247 mille
685 2185 917 2264 quadringentos
931 2187 1082 2264 sexaginta

75 2291 166 2334 unnm
185 2274 314 2352 imerici,
333 2275 508 2352 prioresque
527 2273 599 2334 alios
619 2281 681 2335 tres
697 2273 834 2334 Sesoside
853 2276 995 2354 primum,
1013 2282 1122 2352 post1⁰

73 2360 209 2422 Amaside
224 2360 456 2441 dominantibus,
475 2362 543 2423 dein
558 2361 738 2442 Ptolemaeo,
758 2364 810 2441 qui
823 2380 859 2422 ex
872 2360 1081 2423 Macedonibus

74 2452 181 2510 tertius
194 2451 339 2530 regnavit,
353 2451 389 2510 in
408 2452 569 2530 civitatem,
588 2453 637 2510 cui
650 2448 810 2528 Heliopolis
829 2468 949 2529 nomen,
968 2449 1082 2510 advola·
1112 2474 1113 2477 ¹

74 2540 164 2618 visse,
178 2537 271 2598 multo
286 2544 453 2599 ceterarum
467 2537 620 2598 volucrum
634 2540 776 2598 comitatu
790 2555 895 2597 novam
908 2538 1014 2597 faciem
1028 2539 1082 2597 mi·

74 2628 211 2687 rantium.
240 2625 292 2686 sed
311 2627 471 2704 antiquitas
489 2624 609 2704 quidem
627 2624 766 2687 obscura:
785 2627 863 2686 inter
881 2622 1083 2686 Ptolemaeum

73 2733 108 2776 ac
122 2712 274 2775 Tiberium
288 2716 386 2774 minus
405 2713 525 2774 ducenti
538 2715 750 2794 quinquaginta
764 2714 834 2773 anni
847 2712 976 2773 luerunt.
1003 2713 1082 2775 unde
1097 2728 1124 2770 rs

73 2802 208 2864 nonnulli
226 2801 332 2864 falsum
349 2801 430 2863 hunc
443 2801 616 2880 phoenicem
631 2819 727 2881 neque
742 2800 871 2862 Arabum
884 2820 901 2863 e
914 2802 1004 2862 terris
1017 2820 1082 2864 cre-

73 2892 189 2973 didere,
208 2889 339 2969 nihilque
358 2892 547 2969 usurpavisse
561 2908 598 2950 ex
611 2890 672 2972 his,
691 2908 765 2968 quae
780 2897 864 2951 vetus
878 2893 1019 2953 memoria
1033 2891 1082 2951 ilr-

73 2982 172 3042 mavit.
200 2979 334 3041 conlecto
349 2980 459 3057 quippe
473 2997 618 3040 annornm
636 2994 779 3059 numero,
792 2977 844 3040 ubi
862 2996 942 3040 mors
963 2981 1082 3058 propin·

72 3077 158 3150 quet,
176 3070 240 3130 suis
258 3069 290 3129 in
308 3069 397 3128 terris
416 3075 532 3128 struere
552 3067 654 3129 nidum
673 3068 759 3146 eique
778 3069 836 3128 vim
855 3065 1013 3144 genitalem
1033 3067 1082 3127 ad·

74 3157 212 3238 tundere,
230 3175 267 3218 ex
286 3174 343 3235 qua
361 3155 453 3216 fetum
472 3157 559 3237 oriri3
577 3163 608 3217 et
625 3157 751 3234 primam
769 3154 869 3216 adulto
883 3172 985 3216 curam
1000 3172 1081 3233 sepe·
1096 3168 1123 3208 ro

145 3310 192 3380 27,
212 3316 246 3364 14
262 3307 309 3363 Μ’.
328 3308 456 3378 Lipsius:
474 3305 512 3361 Μ.
533 3309 538 3376 Ι
558 3308 604 3375 28,
624 3314 638 3362 7
659 3306 789 3362 effinxere
809 3307 943 3360 Pielrcrra:
970 3303 1082 3361 effinere

73 3379 218 3449 (definiere
231 3381 397 3448 Beroaldus)
413 3381 418 3447 Ι
435 3385 468 3434 10
482 3375 553 3432 elios
571 3379 705 3434 bresma:
724 3376 1081 3446 aliter(elites1tlrenanus‚

73 3451 146 3507 alios
170 3453 214 3507 ter
232 3451 267 3506 L.
286 3451 411 3523 Spengel)
428 3447 579 3519 {Sesoside
596 3449 657 3504 Jac.
680 3447 847 3503 Gronovius:
866 3462 927 3501 esse
946 3445 1004 3500 sosi
1021 3446 1056 3501 de
1075 3448 1081 3519 l

76 3528 108 3578 m
127 3521 163 3577 iis
181 3522 272 3578 Ritter
287 3524 292 3590 Ι
310 3527 343 3578 18
361 3537 497 3576 annorum
514 3517 552 3576 Μ.
572 3520 601 3588 (i.
620 3535 641 3574 e.
660 3517 749 3589 mille)
767 3533 882 3574 numero
901 3517 1034 3574 Hennes
