2392 3876
111 167 153 231 86
461 159 631 216 CORNELII
647 157 768 214 ΤΑΟΙΤΙ

80 328 93 368 1
108 310 258 391 incompta
279 329 370 391 signa,
389 312 469 371 versi
488 310 595 370 lasces·
588 315 703 411 ,atque
721 307 775 369 ubi
793 306 922 367 colonias
937 308 1130 384 transgrede-

109 421 162 464 ren
164 411 223 481 t‚ur
242 399 337 461 atrata
350 399 461 479 plebes,
480 355 607 458 1111111111
620 400 735 476 equites
750 414 804 474 pro
819 395 925 474 opibus
940 394 998 456 loci
1011 405 1130 457 vestem

110 492 216 553 odores
230 489 344 567 aliaque
360 489 498 550 funerum
514 486 666 546 sollemnia
680 483 858 546 cremabant
887 485 975 544 etiam
996 503 1130 563 quorum

110 582 226 640 diversa
245 578 361 657 oppida,
384 585 482 636 tamen
501 574 580 635 obvii
598 582 628 634 et
646 576 780 634 victimas
799 580 888 651 atque
907 591 971 632 aras
996 572 1042 633 dis
1065 572 1128 634 Ma-

111 668 199 729 nibus
214 674 378 728 statuentes
397 664 527 724 lacrimis
547 671 577 723 et
591 660 873 723 conclamationibus
888 661 1020 721 dolorem
1035 670 1129 722 testa·

71 758 228 818 labantur.
256 755 371 836 Drusus
386 753 575 812 Tarracinam
593 768 770 830 progressus
785 757 832 810 est
846 768 914 810 cum
927 749 1048 810 Claudio
1068 751 1129 811 fra·

111 856 157 906 tre
176 843 338 920 liberisque
359 841 538 920 Germanici,
563 842 664 920 quiin
682 838 756 899 urbe
775 839 901 899 fuerant.
930 838 1067 899 consules
1088 839 1129 900 Μ.

111 933 245 992 Valerius
265 939 294 991 et
312 930 350 990 M.
368 929 507 990 Aurelius
526 924 598 1010 (iarn
619 929 696 989 enim
712 929 917 1007 magistratum
931 925 1127 1011 acceperant)

112 1031 142 1082 et
156 1029 276 1080 senatus
291 1038 324 1080 ac
338 1036 444 1096 magna
461 1036 530 1097 pars
549 1017 652 1096 populi
665 1019 742 1077 viam
761 1015 945 1096 conplevere,
964 1016 1081 1077 disiecti
1097 1027 1130 1079 et

112 1119 146 1170 ut
169 1111 277 1186 cuique
301 1107 418 1167 libitum
446 1106 565 1187 llentes3
592 1105 694 1166 aberat
721 1107 831 1184 quippe
854 1105 996 1185 adulatio,
1024 1109 1129 1182 gnaris

73 1212 98 1252 11
113 1196 250 1258 omnibus
265 1195 370 1256 laetam
384 1195 503 1255 Tiberio
519 1194 685 1255 Germanici
698 1203 825 1254 mortem
838 1193 913 1254 male
935 1193 1128 1256 dissimulari.

179 1283 208 1346 3.
232 1284 371 1346 Tiberius
394 1291 483 1363 atque
503 1284 634 1372 Augusta
653 1282 772 1362 publico
791 1282 975 1364 abstinuere,
998 1283 1128 1345 inferius

112 1377 264 1435 maiestate
281 1392 336 1435 sua
355 1376 425 1453 rati,
449 1376 476 1433 si
495 1373 591 1452 palam
612 1373 857 1446 lamentarentur,
879 1390 916 1432 an
934 1389 972 1431 ne
991 1374 1128 1433 omnium

112 1464 206 1526 oculis
226 1463 341 1524 vultum
360 1481 464 1524 eorum
482 1460 685 1522 scrutantibus
699 1461 766 1521 falsi
779 1459 1031 1538 intellegerentur.
1064 1479 1128 1521 ma-

111 1561 188 1613 trem
202 1554 359 1635 Antpniam
376 1570 437 1613 non
455 1552 534 1630 apud
552 1558 688 1629 auctores
707 1566 821 1629 rerum,
841 1567 900 1609 non
920 1549 1026 1609 diurna
1045 1558 1127 1611 acto-

86 1656 98 1696 5
113 1660 179 1702 rum
195 1645 343 1720 scrlptura
358 1642 474 1719 reperio
490 1639 572 1701 ullo
563 1640 674 1716 rosigni
688 1639 785 1698 ollicio
800 1639 939 1719 iunctam,
955 1656 1023 1699 curn
1033 1655 1128 1717 super

112 1733 304 1832 Agrippinam
318 1738 348 1790 et
358 1729 487 1788 Drusum
502 1735 531 1787 et
541 1727 695 1788 Claudium
710 1729 803 1788 ceteri
816 1744 934 1805 quoque
948 1731 1127 1805 consangui-

113 1821 162 1882 nei
180 1820 353 1878 nominatim
371 1810 532 1896 perscripti
550 1817 623 1896 sint,
646 1833 701 1876 seu
723 1815 891 1876 valetudine
914 1815 1126 1894 praepedieba-

112 1915 170 1986 tur,
186 1924 239 1967 seu
253 1907 351 1966 victus
364 1904 448 1965 luctu
462 1906 578 1964 animus
588 1904 821 1981 magnitudinem
832 1904 983 1987 malilperl
981 1921 1048 1965 erre
1059 1907 1136 1967 visu·

111 2012 172 2054 non
190 1994 334 2054 toleravit.
367 1992 482 2052 facilius
505 1992 684 2053 crediderim
707 1992 828 2073 Tiberio
851 2001 881 2053 et
903 1992 1048 2073 Augusta,
1073 1997 1127 2072 qui

72 2097 98 2137 10
111 2082 199 2143 domo
217 2100 276 2143 nou
295 2080 489 2161 excedebant,
513 2080 685 2161 cohibitam,
707 2089 740 2142 ut
762 2099 816 2161 par
837 2099 953 2142 maeror
973 2091 1002 2142 et
1020 2084 1126 2143 matris

112 2171 246 2250 exemplo
261 2173 324 2231 avia
339 2188 457 2249 quoqne
472 2177 502 2231 et
515 2177 640 2249 patruus
654 2172 775 2231 attineri
788 2170 968 2231 viderentur.

177 2258 208 2320 4.
226 2259 304 2338 Dies,
323 2277 381 2338 quo
396 2259 539 2338 reliquiae
558 2258 672 2320 tumulo
687 2260 813 2341 Augusti
831 2257 1044 2340 inferebantur,
1063 2279 1126 2320 mo·

112 2349 150 2408 do
177 2366 232 2426 per
260 2346 411 2410 silentium
433 2357 547 2428 vastus,
575 2348 661 2408 modo
688 2347 853 2426 ploratibus
878 2350 1010 2429 inquies3
1037 2347 1127 2428 plena

111 2436 196 2498 urbis
218 2439 338 2518 itinera,
362 2435 553 2498 conldcentds
576 2455 630 2516 per
654 2455 790 2517 campum
813 2436 915 2498 Martis
938 2437 1026 2497 laces.
1063 2437 1126 2498 illic

111 2525 197 2588 miles
217 2545 284 2588 cum
302 2528 405 2607 armis,
428 2528 493 2588 sine
511 2526 678 2604 insignibus
693 2528 895 2606 magistratus,
918 2525 1047 2605 populus
1069 2543 1126 2605 per

84 2614 208 2676 onibus
228 2617 394 2678 concidisse
412 2634 475 2676 rem
498 2615 660 2696 publicam,
683 2614 757 2676 nibil
775 2617 841 2693 spei
858 2614 1007 2693 reliquum
1025 2613 1125 2676 clami·

110 2702 221 2783 tabant,
235 2708 403 2784 promptius
417 2707 616 2784 apertiusque,
631 2721 719 2784 quam
731 2711 765 2764 ut
774 2705 944 2764 meminisse
953 2705 1125 2782 imperitan-

111 2792 186 2851 tium
201 2792 349 2852 crederes.
377 2793 452 2855 nibil
465 2803 564 2854 tamen
579 2793 732 2854 Tiberium
744 2795 838 2871 magis
856 2793 1021 2871 penetravit
1036 2810 1125 2871 quam

112 2879 209 2939 studia
223 2877 378 2940 hominum
391 2901 515 2944 accensa
533 2885 564 2943 in
579 2883 783 2961 Agrippinam,
804 2898 873 2942 cum
891 2881 984 2942 decus
1002 2884 1124 2962 patriae,

112 2967 207 3028 solum
221 2967 348 3045 Augusti
366 2974 548 3051 sanguinem,
567 2973 689 3030 unicum
703 2971 887 3049 antiquitatis
905 2971 1056 3050 specimen
1075 2989 1124 3049 ap-

181 3156 208 3224 2,
229 3161 261 3210 12
288 3155 326 3209 Μ
350 3153 481 3210 Aurelius
507 3158 723 3213 111ηυί111111
743 3156 865 3238 amelius
890 3157 896 3228 Ι
919 3158 947 3225 8,
970 3163 988 3212 4
1015 3173 1072 3212 non
1094 3158 1126 3211 in

111 3225 213 3282 diurna
235 3227 347 3295 Warm;
374 3233 413 3283 est
437 3229 538 3310 spectes
564 3230 712 3300 congruatis
734 3235 760 3285 et
782 3228 813 3282 in
831 3245 864 3284 ea
881 3228 958 3298 apud
980 3230 1125 3311 capitanata

109 3300 298 3366 repetendam·
316 3315 381 3353 pam
395 3299 564 3353 potissimam
579 3306 618 3355 est
632 3300 758 3354 Tacitum
769 3301 985 3368 praepositiones
1002 3316 1059 3354 11111
1076 3301 1125 3354 ite·

109 3386 180 3436 aare,
199 3387 223 3424 a
244 3369 402 3440 Nipperdey
421 3371 503 3436 adt,
522 3373 559 3424 68
581 3372 586 3440 Ι
608 3374 624 3423 8
643 3369 785 3439 praeferre
803 3369 899 3426 Haase
920 3371 924 3438 Ι
945 3377 961 3424 9
980 3367 1125 3439 Augustae

110 3438 276 3508 Ddeterla'a;
270 3447 320 3496 at
333 3442 403 3496 dicit
414 3440 525 3494 Tacitus
535 3440 687 3496 Antoniam
696 3440 819 3546 exemplq
826 3439 932 3496 Tebere'e
940 3447 965 3496 et
974 3441 1126 3513 depastae,

110 3525 167 3564 11011
184 3512 250 3565 ab
238 3513 307 3579 apsis
327 3518 377 3567 aat
396 3527 486 3567 eoram
504 3513 583 3567 iussa
601 3512 805 3566 eoataieamw
