2392 3876
176 178 178 180 ’
271 193 319 247 ΑΒ
338 190 498 248 Excusat]
515 191 671 249 AUGUSTI
688 193 734 250 xl.
756 201 817 251 rc-
829 203 869 253 19.
1001 196 1065 260 207

58 342 244 402 Germaniam
263 344 453 402 incursavere
473 341 547 402 duce
566 341 733 424 Gannasco,
753 346 805 423 qui
825 346 943 405 natione
962 343 1067 406 Canni·

58 431 153 510 nefas,
173 429 313 491 auxiliare
328 429 508 508 stipendium
526 431 665 512 meritus,
685 439 753 510 post
770 433 934 512 transfuga,
952 432 1067 494 levibus

57 521 181 597 navigiis
195 518 422 597 praedabundus
437 517 586 579 Gallorum
600 521 725 580 maxime
745 538 827 581 oram
844 521 988 600 vastabat,
1006 538 1094 582 nona

57 611 178 686 ignarus
193 607 269 668 dites
283 614 313 667 et
327 606 452 668 inbelles
467 625 541 669 esse.
569 615 599 667 at
613 607 741 670 Corbulo
756 611 936 688 provinciam
954 611 1066 688 ingres-

58 715 109 757 sus
123 713 227 775 magna
242 714 311 757 cum
325 713 396 756 eura
411 704 441 756 et
454 714 522 757 mox
537 695 638 777 gloria,
652 699 702 757 eui
714 699 895 776 principium
904 696 952 758 illa
962 698 1067 758 militia

57 786 126 866 fuit,
141 787 280 846 triremes
293 783 375 846 alveo
389 782 500 865 Rheni,
514 787 775 867 ceterasnavium,
788 793 823 847 ut
837 804 971 865 quaeque
985 786 1067 846 habi·

56 873 113 953 les,
133 891 187 952 per
201 874 347 934 aestuaria
362 880 393 933 et
406 873 499 933 lossas
518 872 629 953 adegit3
647 872 856 954 luntribusque
870 874 1001 935 hostium
1016 875 1066 935 de-

56 964 215 1041 pressiset
235 960 391 1022 exturbato
411 959 577 1041 Gannasco,
597 961 650 1022 ubi
670 965 836 1042 praesentia
858 965 930 1024 satis
949 981 1108 1042 compo-10

57 1051 113 1110 sita
128 1056 212 1129 sunt,
226 1048 357 1126 legiones
371 1066 493 1127 operum
509 1055 539 1109 et
552 1048 662 1110 laboris
676 1051 808 1132 ignaras,
828 1051 1067 1130 populationibus

57 1137 213 1218 laetantes,
231 1145 361 1197 veterem
376 1137 413 1197 ad
426 1154 540 1197 morem
554 1137 686 1218 reduxit,
704 1156 742 1200 ne
761 1141 828 1218 quis
846 1142 962 1218 agmine
981 1141 1066 1201 dece-

58 1228 143 1288 deret
156 1244 211 1286 nee
226 1242 355 1305 pugnam
369 1227 427 1286 nisi
436 1227 536 1286 iussus
546 1227 644 1286 iniret.
664 1229 813 1309 stationes,
828 1228 950 1307 vigiliae,
961 1228 1067 1289 diurna

57 1324 262 1394 nocturnaque
275 1316 376 1375 munia
390 1315 420 1374 in
436 1315 525 1374 armis
539 1313 734 1392 agitabamur.
761 1316 920 1395 feruntque
934 1316 1066 1396 militem,

56 1406 126 1483 quia
144 1402 251 1463 vallum
269 1421 329 1464 non
349 1404 514 1482 accinctus,
535 1411 623 1481 atque
641 1402 744 1483 alium,
765 1405 834 1482 quia
854 1406 982 1483 pugione
1003 1412 1066 1464 tan-
1082 1421 1108 1462 re

58 1500 122 1553 tum
136 1493 287 1552 accinctus
301 1491 424 1571 lederet,
438 1498 533 1551 morte
548 1492 676 1569 punitos.
696 1509 770 1569 quae
780 1493 870 1552 nimia
881 1494 1067 1553 etincertum

58 1599 95 1641 an
109 1579 183 1640 falso
198 1581 274 1639 iacta
288 1581 433 1657 originem
451 1585 550 1639 tamen
563 1597 580 1639 e
595 1581 751 1639 severitate
770 1579 855 1641 ducis
874 1587 1005 1660 traxere3
1022 1583 1066 1640 in-

57 1675 232 1747 tentumque
247 1676 277 1728 et
291 1669 404 1746 magnis
418 1666 536 1728 delictis
549 1666 761 1728 inexorabilem
776 1669 866 1748 scias,
885 1670 935 1729 cui
952 1675 1068 1728 tantum

58 1757 225 1835 asperitatis
239 1758 327 1818 etiam
341 1756 484 1817 adversus
498 1755 573 1816 levia
586 1755 772 1817 credebatur.

126 1841 175 1906 19.
194 1844 333 1906 Ceterum
350 1847 376 1905 is
398 1853 496 1905 terror
509 1843 619 1905 milites
632 1844 793 1924 hostesque
808 1847 839 1906 in
853 1845 1005 1906 diversum
1018 1845 1068 1905 ad-

58 1935 142 1995 iecit:
160 1951 215 1994 nos
235 1935 376 1994 virtutem
395 1935 544 2014 auximus,
565 1931 684 1994 barbari
699 1934 838 1994 lereeiam
852 1934 1009 2012 infregere.
1038 1941 1069 1994 et

57 2026 137 2083 natio
152 2021 329 2102 Frisiorum,
348 2030 417 2101 post
435 2021 628 2082 rebellionem
647 2021 730 2084 clade
744 2022 776 2082 L.
791 2023 914 2101 Apronii
933 2028 1067 2101 coeptam

57 2112 172 2172 infensa
192 2119 242 2171 aut
261 2110 337 2171 male
356 2111 426 2191 lida,
446 2110 522 2172 datis
541 2109 695 2171 obsidibus
709 2111 844 2172 consedit
858 2111 935 2190 apud
950 2128 1067 2189 agrosa

58 2199 225 2260 Corbulone
244 2199 423 2278 descriptos:
442 2198 521 2260 idem
540 2210 687 2281 senatum,
706 2202 910 2279 magistratus,
928 2199 1009 2278 leges
1024 2201 1094 2258 ins

59 2290 167 2366 posuit.
194 2306 228 2348 ac
243 2305 280 2347 ne
295 2289 376 2348 iussa
395 2295 551 2369 exuerent,
569 2289 751 2366 praesidium
770 2290 949 2368 immrmivit,
968 2289 1067 2348 missis

59 2378 111 2455 qui
129 2378 256 2436 maiores
275 2374 408 2437 Chaucos
427 2375 463 2436 ad
483 2374 663 2436 deditionem
681 2376 867 2457 pellicerent,
886 2375 974 2436 simul
993 2375 1067 2436 Gan·

58 2483 182 2525 naseum
202 2464 269 2524 dolo
288 2464 530 2542 adgrederentur.
558 2482 613 2524 nec
632 2465 737 2525 inritae
756 2472 808 2525 aut
822 2465 984 2543 degeneres
997 2465 1067 2523 insi-

59 2553 124 2613 diae
139 2554 223 2612 fuere
237 2552 379 2612 adversus
393 2551 575 2628 transfugam
590 2559 620 2611 et
633 2550 805 2613 violatorem
815 2551 893 2612 lidei.
916 2551 968 2612 sed
979 2551 1067 2611 caede

60 2642 124 2701 eius
139 2648 235 2699 metae
246 2639 432 2700 Chaucorum
445 2646 569 2719 mentes,
584 2645 614 2698 et
628 2637 755 2700 Corbulo
771 2641 883 2700 semina
897 2637 1067 2700 rebellionis
1082 2656 1116 2695 ro.

59 2726 228 2808 praebebat,
242 2735 277 2787 ut
290 2726 365 2788 laeta
379 2726 456 2805 apud
471 2726 639 2807 plerosque,
652 2729 692 2787 ita
707 2728 784 2806 apud
795 2727 939 2807 quosdam
948 2729 1068 2789 sinistra

59 2818 144 2876 lama.
164 2833 218 2876 eur
233 2814 348 2876 hostem
363 2812 517 2876 conciret?
530 2815 651 2877 adversa
666 2817 697 2876 in
711 2815 936 2895 rempublicam
950 2833 1068 2877 casura:

59 2908 105 2967 sin
125 2921 268 2984 prospere
288 2906 409 2985 egisset,
433 2903 655 2965 formidolosum
674 2907 741 2983 paci
759 2905 856 2966 virum
874 2906 1019 2985 insignem
1038 2913 1070 2965 et

130 3111 176 3180 18,
191 3118 207 3166 3
222 3108 365 3165 caninefas
381 3112 386 3176 Ι
401 3116 419 3165 4
433 3109 569 3165 auxiliare
587 3110 759 3181 stipendium
776 3109 894 3166 meritus
906 3111 1068 3180 Rabanitai:

61 3182 196 3238 auxiliare
216 3198 250 3237 ex
269 3181 317 3235 diu
334 3180 444 3236 meritis
462 3181 626 3250 (auxiliares
636 3181 711 3236 inter
723 3181 772 3236 diu
785 3181 903 3237 maritus
918 3182 1069 3247 Acidaliae,

60 3253 195 3308 auxiliare
220 3269 267 3306 aas
287 3252 335 3306 din
353 3252 471 3307 meritus
491 3254 639 3320 Menecrate,
663 3251 806 3307 auxiliaris
831 3255 860 3308 et
882 3250 930 3305 diu
953 3249 1069 3305 meritus

61 3325 165 3380 Puteal.
184 3326 283 3394 inepte)
302 3326 336 3393 ef.
350 3328 379 3392 2,
394 3328 431 3380 52
448 3323 473 3378 is
490 3323 605 3378 natione
618 3323 742 3378 Numida
756 3364 762 3377 .
778 3365 784 3378 .
799 3321 947 3377 auxiliaria
964 3321 1069 3390 stipen-

28 3395 34 3403 '
60 3394 108 3448 dia
125 3395 251 3462 maritus,
277 3411 342 3449 mox
361 3394 487 3449 desertor
504 3403 551 3450 ete.
568 3398 572 3463 1
589 3401 605 3449 9
623 3393 811 3462 lintribusque
829 3396 864 3450 ol.
881 3397 886 3462 Ι
904 3399 935 3447 11
955 3393 1070 3462 ignaras

59 3467 95 3519 at.
112 3469 117 3535 Ι
135 3472 167 3521 lt
185 3465 263 3521 iaetu
280 3466 443 3522 Rhotanos:
473 3467 537 3519 acta
553 3467 557 3535 Ι
573 3465 619 3533 19,
638 3471 654 3520 b
678 3467 800 3535 senatus,
824 3481 871 3520 em.
893 3464 997 3520 Puteal.
1014 3468 1019 3532 1
1037 3469 1067 3517 11

58 3536 206 3590 Insinistra
221 3539 226 3606 1
244 3543 275 3591 12
294 3544 324 3591 re
342 3536 457 3607 puplica
