2392 3876
272 197 320 253 AB
338 197 500 254 Excussit
517 197 676 256 AUGUSTI
694 201 714 254 l.
736 207 848 257 14-17.
1030 205 1068 266 ll

60 349 114 410 lita
128 348 237 410 munia.
265 365 301 408 eo
317 349 464 427 principio
480 347 615 408 lascivire
633 348 732 428 miles,
751 349 935 432 discordare,
951 353 1074 430 pessimi

62 439 209 516 cuiusque
220 436 407 497 sermonibus
416 435 560 515 praebere
570 453 667 518 aures,
681 436 809 516 denique
824 438 925 499 luxum
938 448 968 500 et
980 442 1073 501 otium

62 543 189 605 cupere,
213 524 397 603 disciplinam
421 532 451 586 et
473 522 605 585 laborem
628 529 789 605 aspernari.
827 535 891 587 erat
912 528 944 587 in
968 531 1073 588 castris

62 613 247 675 Percennius
257 612 385 693 quidam,
400 612 460 673 dux
470 612 540 672 olim
549 612 736 674 theatralium
746 632 913 695 operarum,
928 614 996 676 dein
1009 635 1073 694 gre·
1088 631 1114 670 1o

61 703 165 781 gorius
179 701 273 782 miles,
287 719 397 780 procax
415 700 515 780 lingua
530 707 560 762 et
573 703 699 763 miscere
713 710 817 763 coetus
831 702 998 764 histrionali
1013 713 1074 765 stu-

61 791 113 851 dio
128 790 241 851 doctus.
275 792 301 850 is
321 791 465 868 inperitos
479 791 593 850 animos
612 798 644 850 et
663 808 807 869 quaenam
826 799 894 870 post
908 790 1074 870 Augustum

61 878 185 940 militiae
198 878 333 939 condicio
344 877 526 956 ambigentes
536 878 678 956 inpellere
689 880 831 957 paulatim
840 883 995 941 nocturnis
1006 898 1074 941 oon·

62 967 173 1045 loquiis
185 974 238 1030 aut
257 966 333 1028 flexo
356 969 388 1026 in
406 984 560 1045 vesperam
578 966 626 1028 die
645 975 675 1029 et
693 967 814 1048 dilapsis
832 968 1006 1030 melioribus
1025 969 1074 1030 de·

64 1056 220 1115 terrimum
235 1073 383 1135 quemque
397 1073 586 1134 congregare.
1039 1094 1044 1103 .
1088 1071 1113 1111 15
1134 1053 1143 1136 Ἰ

133 1141 181 1204 17.
204 1144 358 1204 Postremo
378 1146 524 1223 promptis
545 1146 603 1205 iam
621 1151 653 1204 et
670 1144 736 1206 aliis
754 1144 909 1206 seditionis
928 1147 1075 1206 ministris

62 1231 144 1293 velut
157 1231 414 1293 contionabundus
428 1232 639 1313 interrogabat,
653 1250 708 1293 our
721 1235 824 1311 paucis
839 1233 1074 1314 centurionibus,

61 1319 254 1399 paucioribus
269 1320 397 1380 tribunis
409 1323 441 1380 in
453 1321 575 1381 modum
585 1338 741 1380 servorum
749 1320 931 1382 oboedirent.
956 1323 1074 1400 quando

61 1426 189 1470 ausuros
210 1425 369 1485 exposcere
388 1408 532 1486 remedia,
551 1410 610 1467 nisi
627 1425 737 1468 novum
756 1417 787 1468 et
805 1417 959 1470 nutantem
978 1411 1074 1471 adhuc

61 1498 230 1575 principem
254 1494 395 1572 precibus
414 1493 461 1553 vel
479 1496 570 1553 armis
587 1491 724 1554 adirent?
748 1497 819 1555 satis
843 1514 897 1574 per
918 1505 962 1557 tot
983 1511 1101 1558 annoso

61 1585 179 1661 ignavia
193 1589 361 1660 peceatum,
381 1580 461 1658 quod
477 1583 590 1641 tricena
605 1588 656 1640 aut
670 1582 855 1660 quadragena
870 1584 1017 1660 stipendia
1031 1604 1075 1645 se-

63 1688 118 1731 nes
136 1677 165 1729 et
179 1669 314 1747 plerique
329 1676 467 1729 truncato
487 1687 522 1728 ex
537 1667 710 1730 vulneribus
730 1687 854 1748 corpore
873 1670 1010 1732 tolerent.
1037 1690 1075 1733 ne

63 1759 194 1820 dimissis
210 1758 329 1837 quidem
346 1758 435 1818 finem
452 1775 518 1818 esse
535 1756 669 1838 militiae,
689 1758 742 1819 sed
761 1759 840 1837 apud
854 1759 992 1820 vexillum
1012 1769 1075 1821 ten·

62 1849 168 1908 dentes
182 1845 238 1906 alio
253 1845 395 1907 vocabulo
410 1846 529 1907 eosdem
544 1845 660 1907 labores
674 1847 816 1925 perferre.
844 1866 878 1909 ac
900 1850 927 1908 si
945 1850 1013 1927 quis
1032 1857 1077 1910 tot

62 1953 151 1997 casus
160 1937 218 1995 vita
233 1936 427 2021 superaverit,
442 1935 520 1995 trahi
534 1934 630 1996 adhuc
646 1935 777 1996 diversas
791 1937 822 1996 in
835 1943 940 2016 terres,
954 1937 1007 1997 ubi
1021 1956 1075 2016 per
1088 1953 1115 1992 10

61 2041 170 2085 nomen
185 2041 323 2102 agrorum
341 2016 468 2101 siliginis
484 2023 626 2102 paludum
640 2023 686 2084 vel
703 2023 816 2085 inculta
834 2028 980 2086 montium
999 2029 1074 2086 acoi·
1131 2064 1141 2082 s

61 2115 153 2191 piant.
180 2113 330 2173 enimvero
345 2111 478 2172 militiam
493 2115 587 2190 ipsam
601 2129 733 2193 gravem,
746 2113 975 2176 infructuosam:
990 2115 1074 2175 denis

63 2204 95 2261 in
109 2201 187 2261 diem
203 2199 320 2260 assibus
335 2201 462 2260 animam
476 2209 506 2260 et
520 2218 629 2278 corpus
643 2203 807 2262 aestimari:
822 2201 892 2263 hinc
903 2210 1014 2263 vestem
1029 2221 1074 2262 ar·

62 2307 110 2350 ma
124 2282 260 2368 tentoria,
274 2288 344 2349 hinc
359 2290 510 2349 saevitiam
525 2290 735 2349 centurionum
750 2297 779 2349 et
790 2292 958 2351 vacationes
972 2308 1074 2351 mune-

62 2395 130 2437 rum
149 2375 263 2436 redimi.
296 2384 327 2436 at
344 2376 466 2438 hercule
485 2377 608 2439 verbera
622 2383 653 2436 et
668 2377 803 2457 vulnera,
818 2378 922 2439 duram
936 2379 1073 2459 hiemem,
1089 2393 1114 2433 15

63 2467 207 2526 exercitas
226 2472 366 2544 aestates,
389 2464 499 2525 bellum
521 2473 604 2526 auos
626 2472 677 2525 aut
694 2465 826 2526 sterilem
845 2484 948 2544 pacem
967 2470 1073 2545 sempi-

62 2562 156 2615 terna.
180 2570 235 2613 nco
248 2551 327 2613 alind
348 2551 545 2613 levamentum
558 2570 646 2631 quam
658 2555 684 2613 si
695 2555 786 2614 certis
800 2554 857 2614 sub
871 2554 985 2633 legibus
998 2555 1073 2614 mili·

63 2645 104 2703 tia
122 2643 263 2721 iniretur,
281 2648 316 2700 ut
333 2640 465 2718 singulos
479 2640 617 2702 denarios
630 2650 793 2721 mererent,
813 2650 915 2702 sextus
930 2642 1073 2704 decumus

63 2727 205 2804 stipendii
218 2745 314 2787 annus
329 2727 416 2788 tinem
431 2727 574 2808 adferret,
592 2746 630 2788 ne
645 2729 724 2791 nitra
738 2730 794 2790 sub
808 2730 923 2790 vexiliis
937 2741 1072 2792 teneren-

65 2825 128 2893 tur,
148 2813 200 2873 sed
218 2814 312 2874 isdem
330 2817 362 2874 in
381 2817 486 2875 castris
503 2818 668 2894 praemium
686 2820 811 2895 pecunia
834 2818 1006 2881 solveretur.
1035 2838 1071 2880 an
1087 2836 1113 2875 so

62 2903 227 2984 praetorias
250 2901 400 2980 cohortes,
424 2921 499 2982 quae
522 2904 608 2966 binos
632 2905 769 2967 denarios
791 2911 974 2988 acceperint,
998 2927 1073 2987 quae

61 3000 131 3073 post
145 2991 274 3052 sedecim
291 3008 384 3051 annos
399 2993 556 3070 penatibus
572 2995 634 3056 suis
650 2994 822 3076 reddantur,
841 2995 908 3074 plus
925 2998 1072 3075 periculo-

60 3248 229 3304 Mecedones
247 3249 372 3320 Hyrcani
389 3252 532 3306 vocantur.
565 3256 609 3320 15,
627 3257 664 3309 47
682 3252 749 3322 quia
768 3253 798 3308 in
816 3256 897 3309 utero
914 3269 1073 3323 repressum

62 3322 113 3374 aut
131 3319 185 3373 iter
204 3320 283 3374 iuxta
296 3321 404 3375 editum
418 3324 468 3377 est.
507 3324 621 3392 Uterque
638 3325 735 3379 borum
754 3326 872 3379 locorum
891 3326 995 3389 frustra
1010 3342 1072 3380 oon·

61 3391 172 3445 e'eeters'e
191 3397 310 3446 tentatus
327 3399 366 3447 ast
382 3397 385 3460 Ι
402 3392 447 3460 lo,
468 3399 501 3447 14
520 3393 638 3463 dilapsis
663 3395 804 3450 Muretus:
829 3394 953 3464 delapsis
969 3398 974 3462 Ι
990 3395 1035 3463 17,
1054 3401 1071 3450 8

58 3461 207 3602 ῗηάοηωῖ
235 3462 296 3517 Jae.
327 3462 496 3519 Gronovius:
524 3466 638 3536 bibentes
664 3467 669 3533 Ι
693 3471 727 3520 21
758 3464 869 3535 accepit
901 3466 1072 3536 (acciperent

88 3536 189 3588 minus

10 3706 114 3837 hu
