2392 3876
176 210 181 221 .
267 167 314 220 AB
333 163 496 219 Excusso
513 163 668 219 AUGUSTI
686 164 757 219 xiv.
778 171 890 219 21-24.
1016 165 1082 229 295

304 258 339 284 *ο

71 333 230 394 mensaque
240 304 362 375 dmecta
371 322 443 394 erat,
452 314 541 393 idque
552 313 661 375 linibus
671 313 992 396 Tiburtumacciderat,
1003 314 1081 375 unde
1097 329 1122 368 ιο

73 413 194 482 paterna
208 403 311 464 Plauto
326 405 417 483 origo,
435 403 515 464 hunc
530 402 613 463 illum
627 404 748 463 numine
764 402 852 463 deum
867 403 1010 464 destinari
1019 421 1081 463 cre-

73 492 194 571 debant,
213 491 408 570 fovebantque
428 492 526 570 multi,
546 491 654 571 quihus
673 509 748 552 nova
762 498 792 552 ct
806 493 943 571 ancipitia
962 509 1082 570 praeco-

73 581 133 641 lere
148 581 231 642 avida
246 591 275 641 et
289 580 463 659 plerumque
477 580 562 640 fallax
571 580 692 641 ambitio
703 588 757 640 est.
784 597 854 659 ergo
868 588 1021 659 permotus
1036 579 1083 640 his

73 670 151 730 Nero
171 672 321 749 componit
340 668 374 729 ad
395 669 531 731 Plautum
549 668 675 750 litteras,
699 669 868 742 consuleret
887 670 980 748 quieti
998 668 1083 729 urbis

74 777 164 838 seque
184 777 272 837 prava
293 757 511 819 diffamantibus
535 757 735 820 subtraheret:
759 775 825 818 esso
847 757 890 818 illi
912 775 966 837 per
985 759 1083 817 Asiam
1098 770 1124 810 15

74 850 166 907 avitos
181 865 276 928 agros,
291 849 320 907 in
336 845 444 925 quibus
454 855 517 907 tuta
527 856 557 908 et
566 846 716 907 inturbida
726 849 845 907 iuventa
857 847 1015 907 frueretur.
1044 848 1083 907 ita

74 936 143 997 illuc
158 954 226 995 cum
241 938 366 1013 coniuge
381 936 506 995 Antistia
520 943 550 995 et
564 937 666 1014 paucis
681 935 868 996 familiarium
883 936 1039 1017 concessit.

137 1023 234 1083 lsdem
248 1023 353 1083 diebus
368 1024 457 1083 nimia
473 1023 561 1084 luxus
575 1024 683 1103 cupido
701 1024 850 1084 infamiam
870 1031 899 1084 et
917 1022 1085 1102 periculum

75 1112 186 1172 Neroni
200 1111 280 1192 tulit,
301 1114 369 1191 quia
388 1111 499 1172 iontem
518 1130 609 1191 aquae
624 1111 750 1173 Marciae
765 1112 801 1173 ad
818 1112 922 1173 urbem
941 1112 1084 1174 deductae

75 1201 171 1261 nando
185 1203 360 1279 incesserat,
380 1199 592 1279 videbaturque
606 1209 695 1279 potus
709 1219 810 1262 sacros
829 1208 859 1261 et
877 1203 1084 1262 caerimoniam
1099 1215 1126 1254 2⁰

75 1290 132 1350 loci
146 1308 271 1368 corpore
285 1288 345 1349 loto
366 1288 515 1366 polluisse.
549 1298 710 1367 secutaque
730 1307 838 1368 anceps
857 1289 992 1350 valetudo
1011 1292 1085 1350 iram

75 1379 163 1439 deum
182 1379 353 1438 adfirmavit.
643 1410 646 1418 ι

142 1464 193 1527 23.
226 1466 264 1526 At
283 1466 410 1527 Corbulo
433 1474 502 1545 post
525 1466 620 1527 deleta
642 1465 779 1526 Artaxata
804 1466 946 1526 utendum
972 1468 1087 1527 recenti

77 1565 190 1616 terrore
205 1564 288 1615 ratus
302 1555 337 1615 ad
353 1554 523 1633 occupanda
537 1555 761 1634 Tigranocerta,
782 1552 890 1633 quibus
905 1556 1012 1615 excisis
1026 1572 1085 1614 me·

78 1654 140 1705 tum
154 1642 285 1703 hostium
299 1643 467 1704 intenderet
481 1642 535 1723 rel,
550 1645 575 1703 si
588 1644 781 1724 pepercisset,
795 1641 968 1703 clementiae
980 1643 1086 1704 lamam

76 1734 305 1812 adipisceretur,
329 1731 399 1793 illuc
417 1733 528 1811 pergit,
552 1749 612 1791 non
635 1731 750 1792 inlenso
769 1732 916 1811 exercitu,
942 1750 979 1794 ne
1003 1750 1086 1810 spem

76 1823 177 1882 veniae
196 1821 340 1900 aulerret,
359 1839 455 1900 neque
475 1828 572 1880 tamen
591 1822 715 1880 remissa
734 1838 818 1900 cura,
842 1837 952 1898 gnarus
971 1820 1113 1881 lacilems

76 1917 198 1978 mutatu¹
206 1918 337 1989 gentem,
359 1918 392 1970 ut
406 1927 526 1988 segnem
541 1908 576 1968 ad
591 1908 736 1988 pericula,
755 1911 796 1969 ita
814 1908 934 1969 infidam
953 1909 988 1969 ad
1004 1927 1086 1970 occa-

77 2003 184 2059 siones.
225 1997 357 2079 barbari,
384 2016 439 2078 pro
468 1999 585 2076 ingenio
614 1999 753 2076 quisque,
777 1996 825 2058 alii
848 2014 953 2074 preces
972 1997 1087 2076 offerre,

75 2089 196 2167 quidam
218 2087 356 2148 deserere
377 2089 457 2148 vicos
480 2095 510 2146 et
528 2089 559 2147 in
578 2087 640 2146 avia
659 2085 787 2165 digredi,
815 2104 848 2147 ac
871 2086 956 2147 fuere
980 2088 1030 2165 qui
1055 2105 1086 2147 se

77 2177 226 2256 speluncis
246 2184 276 2236 et
294 2178 445 2237 carissima
465 2193 566 2236 secum
585 2174 735 2236 abderent.
764 2176 854 2254 igitur
866 2174 927 2235 dux
935 2174 1086 2236 Romanus

76 2266 202 2325 dirersis
221 2264 347 2345 artibus,
366 2264 569 2325 misericordia
590 2263 731 2324 adversus
754 2264 916 2344 supplices,
935 2262 1127 2325 celeritatem

77 2353 219 2413 adversus
238 2353 391 2433 profugos,
411 2354 522 2413 inmitis
541 2354 591 2432 iis,
613 2354 664 2430 qui
682 2350 809 2412 latebras
828 2351 1011 2433 insederant,
1035 2371 1087 2413 ora

77 2450 107 2502 et
135 2443 231 2502 exitus
259 2459 402 2519 specuum
430 2443 587 2501 sarmentis
614 2440 808 2519 virgultisque
836 2439 998 2518 completos
1025 2443 1088 2519 igni

77 2532 184 2590 exurit
222 2536 309 2607 atque
332 2529 416 2588 illum
438 2529 512 2589 lines
536 2545 606 2596 suos
624 2529 879 2606 praegredientem
898 2530 1087 2588 incursavere

78 2617 185 2697 Mardi,
206 2616 370 2678 latrociniis
385 2618 509 2677 exerciti
523 2622 684 2694 contraque
703 2618 922 2695 inrumpentem
936 2615 1087 2676 montibus

77 2706 206 2785 delensi;
225 2723 300 2784 quos
318 2703 447 2765 Corbulo
465 2705 596 2765 inmissis
611 2703 729 2764 Hiberis
748 2699 872 2766 vastavit
890 2703 1085 2784 hostilemque
1101 2718 1127 2760 15

78 2795 229 2856 audaciam
244 2802 366 2855 externo
382 2794 523 2871 sanguine
539 2791 618 2853 ultus
634 2799 687 2854 est.

145 2880 196 2943 24.
220 2881 286 2961 lpse
306 2884 513 2960 exercitusque
532 2889 566 2942 ut
585 2880 674 2942 nullis
697 2899 734 2942 ex
756 2882 869 2960 proelio
893 2882 1020 2964 damnis,
1046 2885 1087 2946 ita

77 2992 131 3052 per
154 2974 282 3050 inopiam
302 2978 332 3032 et
348 2971 465 3062 laborps
484 2969 670 3050 fatiscebant,
694 2988 782 3032 carne
800 2972 948 3050 pecudum
968 2971 1087 3051 propul-

78 3080 144 3122 sare
168 3061 274 3121 lamem
297 3059 401 3122 adacti.
439 3060 474 3120 ad
498 3059 554 3121 hoc
572 3061 697 3140 penuria
716 3078 821 3141 aquae,
847 3060 958 3122 lervida
982 3068 1086 3140 aestas,

77 3151 237 3230 longinqua
261 3151 367 3210 itinera
386 3149 447 3210 sola
466 3149 550 3210 ducis
573 3150 714 3227 patientia
733 3147 956 3229 mitigabantur,
985 3149 1086 3210 eadem

148 3303 194 3372 22,
215 3309 248 3358 14
267 3300 358 3371 quieti
375 3300 452 3357 urbis
467 3302 598 3358 Pteleon:
618 3301 667 3370 qui
684 3317 700 3357 e
718 3299 809 3356 turbis
825 3303 830 3370 Ι
847 3307 879 3356 19
898 3299 1019 3364 neronis,
1038 3319 1086 3357 em.

79 3374 249 3430 Puteolanus
264 3380 268 3438 Ι
284 3370 407 3428 Murciae
425 3375 508 3430 idem:
527 3371 636 3443 margio
652 3375 657 3443 l
673 3379 706 3427 21
723 3371 784 3426 loto
797 3372 923 3442 Lipsius:
942 3373 1004 3426 toto
1020 3372 1078 3443 128

77 3450 93 3498 2
113 3443 227 3500 excissio
245 3445 378 3511 Heroum,
398 3445 433 3512 of.
452 3444 518 3499 Leo.
539 3443 604 3500 Tac.
620 3446 624 3512 Ι
642 3450 675 3499 10
694 3442 802 3498 artibus
820 3459 887 3499 usus
905 3414 1086 3516 Nipperdey]

79 3520 110 3568 11
129 3515 278 3587 profugum
296 3514 404 3569 inmitis
423 3516 570 3587 distinguit
587 3514 615 3570 J.
636 3514 738 3571 Mollior
