2392 3876
110 180 174 246 188
459 175 765 233 conmmmcm

108 329 215 411 proelii
236 346 319 389 more
342 326 449 388 frontis
471 334 501 388 et
523 327 601 406 tergi
622 328 715 407 vices,
739 325 895 405 aliquando
921 334 956 388 ut
981 337 1125 391 conserta

109 421 171 480 acie
198 416 374 497 corporibus
402 422 432 477 et
458 413 547 494 pulsu
575 432 725 476 armorum
753 414 899 495 pellerent
927 415 1125 495 pellerentur.

108 509 226 587 iamque
245 513 275 567 et
293 504 397 565 Albani
413 501 576 583 Hiberique
594 520 749 584 prensare,
768 502 942 586 detrudere,
960 507 1125 585 ancipitem

70 611 96 651 ιο
109 613 239 675 pugnam
261 591 396 668 hostibus
418 592 529 672 lacere,
551 609 627 671 quos
651 609 742 670 super
759 608 851 670 eques
875 599 906 652 et
927 593 1123 672 propioribus

110 683 282 745 vulneribus
295 680 411 760 pedites
425 678 621 751 adflictabant.
643 682 723 740 inter
737 697 812 758 quae
822 678 1036 741 Pharasmanes
1046 680 1124 743 Oro·

110 772 236 851 desque,
260 764 331 831 dum
354 769 484 829 strenuis
507 767 615 828 adsunt
637 775 689 828 aut
707 767 910 829 dubitantibus
929 768 1123 852 subveniunt,

110 859 264 937 conspicui
287 874 381 936 eoque
399 857 497 935 gnari,
520 855 647 916 clamore
666 855 733 916 telis
752 857 837 936 equis
855 865 1054 939 concurrunt,
1077 861 1123 920 in·

111 949 237 1008 stantius
255 943 479 1024 Pharasmanes3
502 960 569 1004 nam
592 942 700 1004 vulnus
718 961 773 1022 per
790 943 902 1023 galeam
920 945 1027 1024 adegit.
1064 964 1124 1008 nec

71 1037 220 1095 reiterare
237 1031 340 1112 valuit,
358 1029 507 1109 praelatus
525 1049 602 1110 equo
617 1038 647 1092 et
661 1031 830 1093 fortissimis
848 1031 1008 1094 satellitum
1022 1042 1123 1114 prote-

38 1193 41 1198 ,
110 1121 248 1200 gentibus
267 1121 413 1181 saucium:
432 1118 508 1180 fama
526 1126 625 1181 tamen
643 1122 735 1181 occisi
752 1120 825 1181 falso
844 1120 956 1182 credita
975 1126 1125 1184 exterruit

110 1208 235 1271 Parthos
248 1210 460 1287 victoriamque
475 1226 657 1269 concessere.

177 1295 228 1360 36.
252 1296 319 1358 llox
337 1295 504 1357 Artabanus
526 1303 589 1358 tota
611 1295 688 1357 mole
711 1298 796 1375 regni
819 1295 916 1358 ultum
934 1299 977 1360 iit
1013 1301 1123 1377 peritia

110 1386 245 1450 locorum
262 1384 299 1447 ab
317 1384 437 1446 Hiberis
454 1384 560 1445 melius
578 1391 754 1466 pugnatum3
776 1401 832 1446 nec
849 1385 917 1447 ideo
935 1384 1123 1469 abscedebat,

111 1478 144 1538 ni
166 1476 327 1538 contractis
349 1472 515 1552 legionibus
534 1472 668 1534 Vitellius
691 1480 722 1534 et
744 1472 862 1534 subdito
886 1491 1020 1555 mmore,
1048 1483 1123 1536 tam·

112 1582 200 1645 quam
210 1564 450 1643 Mesopotamiam
462 1564 628 1642 invasurus,
642 1569 755 1622 metum
768 1561 893 1622 Romani
906 1561 977 1623 belli
990 1562 1122 1626 fecisset.

85 1661 176 1714 atum
194 1655 303 1713 omissa
323 1650 461 1711 Armenia
481 1653 642 1729 versaeque
662 1649 805 1724 Artabani
822 1667 884 1730 res,
907 1650 1058 1713 inliciente
1075 1652 1123 1713 Vi·

111 1741 192 1803 tellio
212 1741 385 1802 desererent
403 1755 502 1815 regem
522 1755 641 1798 saevum
659 1740 690 1798 in
709 1756 780 1817 pace
802 1746 833 1799 et
850 1739 981 1799 adversis
995 1741 1122 1819 proelio-

111 1848 180 1892 rum
194 1831 359 1891 exitiosum.
381 1828 473 1904 igitur
483 1824 633 1906 Sinnaces,
647 1844 737 1904 quem
751 1833 836 1887 antea
849 1827 998 1888 infensum
1012 1846 1123 1890 memo·

112 1920 187 1998 ravi,
210 1924 326 1995 patrem
344 1913 534 1991 Abdagaesen
557 1913 688 1993 aliosque
710 1913 842 1976 occultos
863 1915 980 1976 consilii
1000 1923 1032 1978 et
1049 1924 1122 1978 tunc

113 2006 262 2067 continuis
284 2001 417 2063 cladibus
441 2003 640 2080 promptiores
663 2002 699 2062 ad
722 2003 917 2064 delectionem
940 2003 1046 2088 trabit,
1073 2006 1121 2067 ad·

74 2109 99 2149 ro
112 2091 274 2154 fluentibus
292 2088 445 2170 paulatim,
464 2090 516 2168 qui
529 2097 611 2150 metu
625 2092 718 2169 magis
733 2108 820 2169 quam
834 2090 1039 2154 benevolentia
1053 2093 1122 2154 sub·

113 2181 183 2242 iecti
197 2180 324 2257 repertis
338 2176 510 2239 auctoribus
524 2177 707 2238 sustulerant
724 2181 863 2241 animum.
891 2197 946 2241 nec
965 2182 1023 2240 iam
1042 2181 1121 2242 aliud

114 2267 261 2329 Artabano
275 2265 432 2346 reliquum,
446 2283 534 2344 quam
548 2268 574 2326 si
588 2268 640 2345 qui
654 2274 844 2328 externorum
854 2271 972 2347 corpori
983 2271 1124 2331 custodes

114 2358 244 2436 aderant,
259 2356 321 2415 suis
336 2355 462 2432 quisque
477 2352 597 2414 sedibus
611 2362 753 2435 extorres,
769 2358 835 2434 quis
850 2374 946 2436 neque
956 2355 1027 2418 boni
1036 2357 1123 2419 intel-

114 2446 209 2507 lectus
223 2461 320 2523 neque
334 2441 404 2502 mali
417 2460 497 2523 cura,
512 2442 564 2503 sed
578 2443 715 2505 mercede
730 2442 850 2505 aluntur
864 2447 993 2506 ministri
1004 2445 1123 2508 sceleri·

74 2549 100 2590 rs
114 2534 179 2596 bus.
210 2532 258 2595 his
276 2532 440 2610 adsumptis
459 2532 490 2592 in
507 2530 667 2612 longinqua
681 2540 711 2594 et
725 2535 908 2594 contermina
923 2532 1059 2613 Scythiae
1079 2536 1123 2596 fu-

114 2642 180 2702 gam
198 2623 368 2701 maturavit,
386 2637 439 2698 spe
458 2619 571 2701 auxilii,
590 2623 659 2700 quia
672 2620 816 2700 Hyrcanis
830 2620 1053 2702 Germaniisque
1067 2640 1124 2702 per

114 2711 295 2771 adfinitatem
309 2712 434 2770 innexus
448 2716 524 2769 erat:
543 2716 631 2788 atque
645 2711 764 2770 interim
777 2726 865 2789 posse
879 2709 1004 2771 Parthos
1018 2711 1122 2772 absen-

113 2800 189 2860 tium
207 2815 329 2877 aequos,
349 2796 556 2875 praesentibus
574 2796 711 2877 mobiles,
730 2796 766 2857 ad
780 2799 990 2876 paenitentiam
1004 2803 1123 2860 mutari.

181 2882 233 2946 37.
259 2884 297 2944 At
315 2883 449 2945 Vitellius
470 2885 596 2963 profugo
619 2884 767 2946 Artabano
792 2893 823 2946 et
847 2885 931 2948 llexis
953 2886 989 2947 ad
1012 2904 1123 2949 norum

113 2991 215 3054 regem
232 2971 419 3052 popularium
438 2974 556 3053 animis,
579 2972 714 3035 hortatus
732 2972 884 3036 Tiridaten
901 2985 1003 3055 parata
1022 2994 1123 3055 capes·

115 3080 194 3144 sere,
207 3060 301 3124 robur
313 3058 463 3138 legionum
477 3062 685 3140 sociorumque
699 3063 794 3141 ripam
807 3062 844 3123 ad
857 3061 1018 3142 Euphratis
1032 3065 1123 3127 ducit.

115 3148 363 3229 sacrificantibus,
385 3166 454 3209 cum
476 3147 525 3210 bic
548 3167 630 3210 more
649 3149 780 3212 Romano
803 3151 1012 3213 suovetaurilia
1030 3152 1124 3236 daret,

87 3239 163 3301 cille
192 3256 301 3319 equum
328 3236 469 3318 placando
497 3240 577 3299 amni
598 3238 784 3322 adornasset,
810 3241 984 3301 nuntiavere
1007 3243 1123 3303 accolae

186 3445 233 3512 bd,
248 3450 263 3499 7
278 3444 404 3500 conferta
417 3442 530 3500 Erucslc’
545 3443 549 3513 Ι
566 3449 582 3499 8
597 3443 657 3499 acie
672 3443 818 3500 Hermu·
833 3440 907 3497 acies
924 3447 928 3509 l
944 3444 989 3512 86,
1004 3453 1014 3492 1
1032 3445 1125 3500 ultum

114 3513 151 3570 fib
168 3514 294 3584 Lipsius:
314 3513 407 3569 ultimi
424 3512 455 3567 id
471 3516 475 3586 Ι
492 3520 508 3570 8
527 3514 639 3568 consilii
658 3515 720 3564 Fati
739 3532 784 3556 »ιι-
825 3512 924 3552 ‹nunilil
