2392 3876
107 183 149 246 48
459 179 629 236 CORNELII
646 179 766 234 TACITI

107 349 162 392 rus
179 335 265 391 aucta
285 329 444 409 stipendia,
466 335 603 407 torquem
627 333 657 387 et
679 345 819 388 coronam
842 329 957 408 aliaque
979 332 1117 393 militaria

107 420 183 480 dona
197 425 353 499 memorat,
367 417 515 478 inridente
528 416 661 476 Arminio
675 415 744 477 vilia
757 419 870 479 servitii
884 421 987 496 pretia.

81 551 83 554 ι
176 505 225 570 10.
240 507 325 568 Exim
340 507 449 567 diversi
463 504 629 584 ordiuntur,
644 502 692 564 hic
701 506 935 583 magnitudinem
945 507 1116 589 Romanam

107 615 180 676 opes
194 596 327 657 Caesaris
341 603 371 654 et
384 595 470 654 victis
483 610 587 673 graves
601 610 724 673 poenae,
743 595 774 652 in
794 593 973 655 deditionem
987 599 1117 657 venienti

106 693 238 764 paratam
259 683 458 763 clementiam3
481 700 579 760 neque
598 683 754 759 coniugem
772 689 803 742 et
821 681 913 742 tilium
938 685 1002 744 eius
1025 685 1115 745 hosti-

106 774 176 835 liter
200 772 314 832 haberi:
340 771 388 831 ille
408 770 451 831 fas
474 772 599 850 patriae,
623 769 790 830 libertatem
813 773 932 852 avitam,
955 772 1115 873 penetralis

79 860 280 922 ⁶Germaniae
295 859 379 939 deos,
397 865 522 919 matrem
541 876 663 937 precum
681 860 805 940 sociam3
824 877 862 919 ne
880 863 1116 939 propinquorum

107 957 137 1010 et
155 949 309 1028 adfinium,
329 947 457 1026 denique
475 950 572 1026 gentis
592 965 662 1008 suae
682 947 817 1008 desertor
832 955 862 1008 ct
876 948 1010 1027 proditor
1028 968 1116 1028 quam

106 1041 268 1116 imperator
285 1053 351 1097 esse
369 1035 476 1097 mallet.
504 1035 645 1114 paulatim
662 1035 732 1096 inde
750 1035 787 1095 ad
805 1038 900 1114 iurgia
914 1038 1045 1116 prolapsi
1058 1056 1117 1117 quo

105 1128 205 1187 minus
222 1142 352 1204 pugnam
366 1131 559 1185 consererent
572 1141 609 1184 ne
623 1123 745 1184 llumine
764 1124 884 1201 quidem
898 1126 1055 1186 interiecto
1070 1146 1117 1187 co-

105 1213 297 1294 hibebantur,
316 1215 348 1274 ni
362 1212 522 1274 Stertinius
540 1212 704 1273 adcurrens
722 1211 843 1291 plenum
857 1214 918 1272 irae
933 1231 1072 1292 armaque
1088 1224 1117 1275 et

20 1335 24 1344 ·
68 1319 93 1360 ιο
107 1321 216 1382 equum
230 1311 402 1381 poscentem
411 1300 532 1361 Flavum
545 1301 730 1362 adtinuisset.
754 1301 932 1361 cernebatur
947 1309 1050 1362 eontra
1063 1307 1117 1363 mi·

106 1388 288 1454 uitabundus
302 1391 453 1451 Arminius
467 1390 673 1469 proeliumque
687 1390 880 1470 denuntians3
893 1408 962 1450 nam
975 1390 1116 1470 pleraque

105 1479 210 1541 Latino
224 1487 360 1540 sermone
370 1478 583 1559 interiacicbat,
596 1486 631 1540 ut
644 1479 696 1558 qui
705 1477 844 1539 Romanis
853 1479 885 1538 in
894 1482 1001 1539 castris
1011 1479 1117 1542 ductor

106 1568 294 1648 popularium
313 1570 481 1629 meruisset

177 1654 225 1718 11.
244 1655 366 1718 Postero
380 1656 428 1716 die
442 1655 657 1718 Germanorum
671 1658 750 1718 acies
765 1664 847 1718 trans
861 1657 1011 1736 Visurgim
1027 1663 1116 1719 stetit.

107 1745 214 1806 Caesar
237 1746 296 1805 nisi
318 1743 459 1822 pontibus
481 1744 696 1824 praesidiisque
719 1747 856 1824 inpositis
875 1747 946 1807 dare
964 1748 995 1806 iu
1014 1747 1116 1807 discri-

106 1852 175 1894 men
197 1832 328 1912 legiones
351 1833 429 1894 haud
451 1835 676 1911 imperatorium
698 1840 795 1914 ratus,
818 1837 949 1912 equitem
967 1836 1040 1895 vado
1059 1844 1117 1896 tra-

108 1923 207 1983 mittit.
230 1922 385 2000 praefuere
397 1921 557 1982 Stertinius
571 1928 601 1982 ct
614 1939 631 1981 e
646 1938 770 1981 numero
784 1916 1012 2001 primipilarium
1022 1923 1116 1984 Aemi-

79 2008 177 2091 slius,
201 2009 380 2071 distantibus
404 2009 477 2070 locis
499 2011 620 2089 invecti,
643 2014 678 2069 ut
700 2009 816 2070 hostem
839 2010 1022 2072 diducerent.
1060 2031 1117 2090 qua

107 2097 281 2159 celerrimus
300 2100 407 2176 amnis,
427 2096 616 2158 Chariovalda
635 2098 695 2158 dux
714 2097 890 2158 batavorum
909 2101 1015 2177 erupit.
1049 2098 1116 2160 eum

107 2186 251 2248 Cherusci
264 2187 362 2266 lugam
377 2186 549 2247 simulantes
558 2187 590 2245 iu
599 2184 751 2264 planitiem
761 2184 886 2246 saltibus
895 2189 1117 2249 circumiectam

106 2282 237 2336 traxere:
257 2275 325 2335 dein
344 2276 440 2336 coorti
457 2281 488 2336 ct
505 2273 637 2352 undique
652 2273 739 2334 effusi
757 2274 881 2335 trudunt
900 2275 1054 2356 adversos,
1073 2279 1117 2336 in-

108 2371 187 2424 stant
200 2363 375 2424 cedentibus
394 2362 592 2441 collectosque
610 2364 642 2421 in
661 2361 763 2422 orbem
781 2379 850 2440 pars
869 2366 1035 2442 congressi,
1054 2367 1117 2441 qui-

68 2469 93 2509 10
107 2451 175 2512 dam
189 2454 305 2512 eminus
318 2451 503 2531 proturbant.
531 2449 722 2512 Chariovalda
735 2449 786 2511 diu
805 2456 968 2510 sustentata
988 2451 1116 2513 hostium

108 2543 242 2621 saevitia,
269 2542 404 2601 hortatus
432 2557 502 2600 suos
530 2547 564 2600 ut
589 2541 763 2618 ingruentes
786 2545 919 2599 catervas
942 2538 1028 2616 globo
1051 2559 1117 2618 per—

108 2629 284 2709 fringerent,
315 2636 402 2708 atque
432 2630 496 2706 ipse
526 2627 718 2688 densissimos
747 2628 937 2709 inrumpens,
969 2632 1117 2707 congestis

107 2716 175 2777 telis
189 2724 219 2778 et
233 2717 359 2778 suffosso
372 2734 449 2796 equo
469 2715 592 2797 labitur,
610 2735 644 2777 ac
662 2714 749 2777 multi
766 2715 910 2777 nobilium
930 2718 1022 2779 eirea:
1041 2725 1117 2779 cete·

106 2823 158 2865 ros
170 2807 221 2865 ,vis
240 2824 293 2866 sua
311 2813 362 2865 aut
376 2806 493 2883 equites
507 2822 574 2865 eum
589 2804 731 2865 Stertinio
745 2804 929 2884 Aemilioque
944 2805 1117 2868 subvenien-

69 2908 95 2949 ιδ
108 2899 154 2954 tes
167 2893 300 2972 periculo
316 2911 460 2954 exemere.

177 2979 226 3042 12.
249 2981 356 3041 Caesar
374 2991 578 3060 transgressus
597 2980 746 3059 Visurgim
772 2982 882 3042 indicio
905 2974 1046 3060 perfugae
1071 3002 1117 3042 co-

109 3071 224 3148 gnoscit
243 3068 390 3130 delectum
409 3069 445 3130 ab
464 3071 596 3130 Arminio
616 3069 714 3130 lecum
737 3087 867 3150 pugnae3
889 3073 1063 3131 convenisse
1089 3078 1118 3131 et

109 3158 180 3220 alias
199 3160 333 3219 nationes
350 3159 381 3217 in
400 3157 503 3218 silvam
522 3156 643 3218 Herculi
662 3175 776 3218 sacram
795 3175 979 3236 ausurosque
999 3167 1117 3219 noctur-

180 3312 225 3377 10,
246 3318 365 3392 ssqqam
382 3309 518 3365 liberator
536 3310 621 3364 Jacob
638 3312 642 3377 Ι
659 3309 704 3376 11,
720 3308 929 3376 odedueerent,
948 3327 995 3364 em
1011 3311 1119 3366 theno-

108 3399 161 3436 nus
164 3381 177 3462 Ι
191 3388 221 3436 11
233 3379 438 3451 perfringerent
446 3381 655 3462 Bezzenberger.
665 3378 821 3448 {tingerent
831 3378 1003 3462 (frangerent
1012 3381 1102 3452 Lips)
1115 3383 1118 3454 l

110 3458 143 3506 12
162 3451 223 3521 ipse
246 3453 446 3509 Weissenborn:
474 3450 544 3521 ipsis
572 3452 643 3521 (ipse
670 3449 701 3503 in
726 3451 820 3521 vulgo,
848 3449 918 3519 ipsis
946 3451 1120 3507 densissimis

108 3521 222 3577 inruens
242 3524 347 3593 Haase)
365 3524 392 3593 l'
384 3538 516 3593 inrepens
