2392 3876
277 185 326 239 ae
344 138 505 241 necessu
522 183 678 241 rucusrr
696 186 716 240 1.
736 191 849 242 ce-ca.
1030 187 1072 252 35

32 334 51 380 V
65 335 344 413 quadragensimum
360 333 391 394 id
408 333 589 412 stipendium
601 332 726 394 Caecina
742 336 867 412 parendi
884 342 936 397 aut
954 337 1072 415 imperi-

64 423 146 484 tandi
160 423 294 504 habebat,
311 421 509 484 secundarum
518 421 781 501 ambiguarumque
796 441 898 485 rerum
912 426 1009 486 sciens
1024 442 1071 486 eo·
1147 438 1150 443 ·

64 529 122 591 que
136 513 301 573 interritus.
324 513 417 589 igitur
430 510 529 571 lutura
544 509 663 570 volvens
678 528 737 570 non
752 511 830 572 aliud
842 515 975 590 repperit
984 532 1072 592 quam
1087 527 1113 567 1⁵

64 608 98 661 ut
112 600 228 661 hostem
239 599 321 678 silris
330 605 495 679 coerceret,
508 599 604 660 donec
614 601 708 659 saucii
718 608 919 679 quantumque
929 603 1072 680 gravioris

64 690 188 768 agminis
202 690 363 768 anteirent3
381 705 449 748 nam
464 687 562 748 medio
577 689 723 748 montium
737 696 768 748 et
781 688 922 767 paludum
940 692 1072 769 porrige·

63 777 152 838 batur
165 777 315 857 planities,
330 794 405 856 quae
420 784 540 837 tenuem
554 777 648 837 aciem
660 784 822 855 pateretur,
848 777 1018 857 deliguntur
1032 778 1071 838 le-

63 869 166 944 giones
176 868 279 945 quinta
289 866 393 926 dextro
407 863 503 943 lateri,
514 866 749 926 'unetvicensima
761 867 793 926 in
807 865 930 947 laevum,
945 869 1072 946 primani

63 954 233 1014 ducendum
246 954 283 1014 ad
296 971 415 1034 agmen,
429 955 646 1015 vicensimonus
659 953 816 1015 adversum
831 962 996 1016 secuturos.
1086 971 1112 1010 so

132 1038 182 1103 65.
206 1041 270 1102 Nox
285 1060 339 1120 per
355 1042 472 1103 diversa
488 1044 619 1121 inquies,
639 1060 708 1104 cum
726 1042 845 1104 barbari
863 1044 947 1104 lestis
966 1044 1072 1124 epulis,

63 1129 140 1190 laeto
159 1138 247 1191 cantu
265 1139 317 1192 aut
334 1133 414 1192 truci
431 1148 539 1191 sonore
557 1131 691 1192 subiecta
710 1130 829 1192 vallium
847 1151 881 1192 ac
900 1132 1072 1193 resultantis

63 1218 155 1280 saltus
169 1218 364 1300 complerent,
383 1219 462 1297 apud
475 1218 623 1280 Romanos
636 1219 757 1280 invalidi
770 1222 868 1301 ignes,
886 1222 1071 1300 interruptae

62 1325 163 1386 voces,
181 1316 270 1386 atque
289 1309 347 1386 ipsi
363 1309 475 1385 passim
493 1307 661 1368 adiacerent
677 1306 765 1387 vallo,
784 1307 959 1370 oberrarent
976 1317 1071 1370 tento-

62 1398 126 1475 riis,
139 1398 291 1455 insomnes
305 1397 397 1472 magis
411 1412 500 1473 quem
514 1393 679 1471 pervigiles.
707 1395 872 1474 ducemque
886 1400 993 1457 terruit
1007 1398 1071 1457 dira
1085 1411 1098 1453 5

63 1485 163 1560 quies:
180 1500 247 1540 nam
261 1479 437 1551 Quintilium
453 1480 559 1540 Varum
575 1483 718 1558 sanguine
733 1481 857 1543 oblitum
870 1492 902 1544 et
914 1481 1071 1562 paludibus¹

63 1587 213 1629 emersum
232 1586 356 1629 cernere
377 1576 408 1630 et
427 1568 530 1630 audire
553 1570 634 1629 visus
655 1578 701 1629 est
721 1569 801 1630 velut
824 1580 989 1652 vocantem,
1013 1590 1072 1633 non

63 1665 163 1718 tamen
186 1655 346 1717 obsecutus
370 1664 400 1718 et
419 1674 539 1718 manum
560 1657 742 1718 intendentis
761 1658 935 1737 reppulisse.
968 1671 1072 1738 coepta

62 1746 130 1805 luce
149 1746 257 1806 missae
275 1747 306 1805 in
325 1745 417 1806 latera
437 1746 582 1826 legiones,
601 1753 682 1806 metu
702 1764 739 1806 an
758 1749 955 1828 contumacia,
974 1748 1072 1808 locum

62 1835 232 1913 deseruere,
256 1841 342 1912 capto
364 1852 492 1913 propere
512 1852 616 1912 campo
634 1837 765 1895 umentia
787 1835 873 1896 ultra.
910 1853 1007 1914 neque
1031 1843 1112 1897 ta-10

62 1940 131 1984 men
141 1922 292 1984 Arminius
302 1939 481 2002 quamquam
495 1922 589 1983 libero
603 1924 728 1983 incursu
742 1925 841 1984 statim
855 1927 1005 2003 prorupit:
1020 1925 1072 1986 sed

61 2019 96 2072 ut
110 2010 232 2072 haesere
247 2029 337 2072 caeno
353 2013 500 2090 fossisque
519 2011 736 2092 impedimenta,
756 2011 868 2073 turbati
887 2015 999 2074 circum
1019 2015 1072 2074 mi-

61 2100 143 2179 lites,
166 2101 299 2160 incertus
322 2102 475 2177 signorrmr
500 2100 585 2180 ordo,
613 2107 706 2179 utque
730 2100 782 2161 tali
804 2102 835 2161 in
858 2108 991 2181 tempore
1015 2101 1072 2162 sibi

62 2190 189 2267 quisque
207 2205 354 2267 properus
373 2197 403 2249 et
420 2188 517 2249 lentae
530 2189 687 2250 adversum
705 2190 829 2268 imperia
846 2208 942 2270 aures,
960 2193 1071 2251 inrum-

62 2289 135 2355 pere
149 2275 311 2337 Germanos
325 2276 416 2358 iubet,
437 2277 590 2338 clamitans
608 2272 657 2338 ‘en
672 2274 766 2337 Varus
780 2278 944 2358 eodemque
962 2281 1072 2340 iterum
1087 2292 1112 2332 15

62 2365 122 2425 lato
136 2366 251 2425 vinctae
265 2361 420 2443 legionesl'
439 2364 528 2426 umal
545 2365 618 2427 haec
633 2372 745 2426 etcum
764 2365 887 2428 delectis
901 2368 1010 2428 scindit
1023 2384 1071 2445 ag·

61 2471 131 2513 meu
149 2455 294 2532 equisque
313 2455 438 2514 maxime
457 2454 580 2514 vulnera
597 2455 714 2530 ingerit.
749 2453 792 2515 illi
810 2457 953 2534 sanguine
973 2473 1026 2516 suo
1042 2464 1072 2517 et

62 2541 178 2602 lubrico
197 2540 337 2620 paludum
358 2541 507 2621 lapsantes
525 2544 659 2602 excussis
681 2542 850 2604 rectoribus
873 2544 999 2603 disicere
1021 2542 1072 2602 ob·

61 2633 135 2709 vics,
153 2637 307 2707 proterere
320 2632 459 2690 iacentes.
486 2629 633 2708 plurimus
651 2632 731 2692 circa
749 2630 862 2710 aquilas
880 2631 976 2712 labor,
996 2650 1072 2710 quae

62 2734 160 2794 neque
174 2717 248 2776 ferri
261 2717 418 2777 adversum
430 2719 599 2795 ingruentia
614 2718 671 2778 tela
685 2737 781 2798 neque
797 2705 847 2798 ligi
860 2720 964 2781 limosa
980 2720 1070 2781 humo
1085 2736 1111 2775 20

62 2809 208 2884 poterant.
245 2802 369 2864 Caecina
387 2804 457 2865 dum
477 2813 624 2866 sustentat
642 2809 748 2888 aciem,
773 2802 898 2869 sullosso
921 2827 998 2888 equo
1022 2810 1071 2869 de·

60 2893 163 2971 lapsus
187 2890 489 2973 circumveniebatur,
516 2895 547 2954 ni
568 2896 663 2972 prima
685 2895 762 2974 legio
785 2914 850 2957 sese
873 2901 1071 2976 opposuisset.

61 2984 137 3044 iuvit
162 2981 292 3042 hostium
315 2980 451 3060 aviditas,
479 2983 587 3044 omissa
610 2984 699 3044 caede
722 2985 862 3064 praedam
885 2988 1071 3067 sectantium,

60 3073 221 3148 enisaeque
244 3068 376 3148 legiones
404 3079 629 3148 vesperascente
657 3072 705 3133 die
732 3075 764 3134 in
792 3082 893 3153 aperta
917 3084 946 3136 et
969 3074 1069 3134 solida.

59 3177 158 3238 neque
172 3161 198 3219 is
208 3159 396 3219 miseriarum
405 3158 480 3220 linis.
505 3159 680 3221 struendum
690 3160 806 3242 vallum,
816 3163 963 3240 petendus
973 3181 1070 3242 agger,
1085 3177 1110 3216 25

131 3383 176 3449 tc,
196 3387 212 3437 8
231 3381 409 3437 intendentes
434 3389 503 3439 im.
528 3385 637 3453 (manus
660 3383 853 3438 intendentem
876 3385 979 3455 Slrlcer)
1006 3388 1009 3454 Ι
1037 3393 1068 3440 15

58 3452 213 3522 eodemque
232 3453 335 3510 Ritter:
354 3455 384 3508 et
402 3454 556 3522 eodemque
576 3457 616 3525 (et
634 3455 734 3510 eodem
751 3461 788 3524 e.)
807 3457 840 3523 cs.
860 3455 898 3511 H.
917 3461 945 3522 4,
959 3461 1003 3525 54,
1021 3459 1071 3512 ubi

58 3525 134 3579 Med.
152 3526 231 3580 habet
248 3540 299 3593 per
317 3523 420 3594 gallias
439 3527 469 3579 et
486 3524 701 3595 germaniaeque

873 3616 909 3670 3*
