2392 3876
120 172 183 237 190
466 168 636 225 CORNELII
653 169 773 225 raom

79 335 105 377 ιι
118 319 296 401 postulatus,
315 322 375 380 vim
388 321 465 380 vitae
480 337 550 380 suae
564 319 676 400 attulit,
691 319 856 400 Tariusque
871 318 1031 382 Gratianus
1045 337 1133 400 prae·

117 418 185 471 tura
205 409 325 470 inunctus
344 407 408 487 lege
423 409 524 469 eadem
539 415 704 468 extremum
719 407 755 469 ad
770 408 948 487 supplicium
962 409 1131 471 damnatus.

184 494 236 560 39.
263 496 324 559 Nec
352 498 485 576 dispares
508 495 677 557 Trebelleni
701 495 769 557 llufl
794 504 824 558 et
850 496 943 557 Sextii
967 495 1131 559 Paconiani

117 589 229 650 exitus:
251 604 320 648 nam
341 584 535 646 Trebellenus
558 602 612 646 sua
633 602 723 645 mauu
746 586 866 665 cecidit,
888 584 1075 646 Paconianus
1099 589 1131 648 in

118 693 237 737 carcere
257 674 295 735 ob
314 676 443 735 carmina
462 673 571 735 illicia
589 675 754 752 principem
773 674 903 735 factitata
925 674 1130 753 strangulatus

119 773 172 826 est.
200 763 273 825 haec
287 761 425 822 liberius
438 779 497 822 non
513 764 596 842 mari,
610 769 644 822 ut
657 761 736 843 olim,
755 763 978 843 divisusneqnc
997 780 1052 842 per
1065 763 1129 824 lon·

93 868 105 908 a
120 854 247 932 ginqnos
261 852 382 911 nuntios
397 849 567 930 accipiebat,
582 850 633 910 sed
649 849 753 911 urbem
763 853 853 932 iuxta,
866 851 969 912 eodem
979 859 1014 913 ut
1023 852 1072 912 die
1083 851 1129 912 vel

118 943 213 1003 noctis
224 940 382 999 interiectu
392 937 499 998 litteris
509 937 665 998 consulum
678 939 866 1020 rescriberet,
881 941 967 1019 qrrasi
979 941 1129 1018 aspiciens

117 1028 279 1088 undantem
296 1043 350 1105 per
369 1026 471 1086 domos
486 1028 660 1106 sangninem
673 1035 725 1088 aut
738 1045 843 1089 manus
857 1028 1039 1089 camiiicum.
1069 1027 1129 1088 line

117 1117 187 1177 anni
213 1114 367 1193 Poppaeus
393 1113 521 1176 Sabinus
553 1117 700 1176 concessit
729 1117 801 1196 vita,
832 1117 967 1177 modicus
995 1117 1129 1197 originis,

117 1205 285 1283 principum
304 1205 431 1264 amicitia
449 1202 634 1264 consulatum
649 1221 683 1264 ac
697 1203 875 1283 triumphale
889 1205 981 1264 decus
1001 1204 1128 1284 adeptus

78 1309 103 1349 ιο
117 1294 310 1371 maximisque
325 1294 486 1370 provinciis
499 1310 554 1371 per
564 1300 704 1372 quattuor
713 1299 744 1352 ct
753 1295 858 1371 viginti
867 1309 959 1353 annos
969 1294 1128 1374 inpositus,

117 1381 227 1442 nullam
243 1380 281 1442 ob
300 1383 436 1441 eximiam
454 1388 557 1463 artem,
576 1380 628 1441 sed
648 1379 725 1458 quod
744 1398 798 1459 par
816 1383 943 1460 negotiis
962 1398 1060 1460 neque
1080 1399 1128 1442 su·

117 1489 170 1550 pra
185 1477 257 1533 erat,

149 1615 152 1619 ,
183 1556 235 1621 40.
262 1557 295 1630 Q.
314 1559 446 1620 Plautius
471 1558 536 1618 Sex.
556 1558 695 1636 Papinius
718 1557 856 1618 consules
879 1565 1055 1637 sequuntur.
1094 1577 1128 1619 eo

118 1667 194 1709 anno
215 1666 311 1727 neque
332 1648 409 1727 qnod
425 1647 457 1707 L.
472 1648 614 1707 Aruseius
633 1644 694 1687 ***
712 1653 807 1706 morte
822 1646 930 1706 adiecti
948 1646 1059 1727 forent,
1079 1647 1127 1708 ad·

119 1737 275 1797 suetudine
287 1736 431 1795 malorum
445 1743 479 1796 ut
493 1742 576 1795 atrox
591 1733 807 1814 advertebatur,
820 1734 873 1794 sed
887 1736 1034 1796 exterruit
1046 1736 1127 1816 quod

118 1824 280 1885 Vibulenus
298 1823 427 1902 Agrippa
447 1840 538 1902 eques
556 1822 718 1902 Romanus,
742 1840 811 1883 cum
832 1830 1023 1901 perorassent
1040 1840 1127 1885 accu-

91 1928 103 1967 s
118 1922 239 1992 satores,
254 1914 285 1972 in
299 1914 362 1990 ipsa
376 1913 459 1971 curia
474 1911 681 1990 depromptum
696 1913 763 1972 sinu
777 1928 922 1973 venenum
936 1910 1045 1993 hausit,
1059 1929 1127 1992 pro·

118 2001 277 2080 lapsusque
295 2017 330 2060 ac
347 1999 543 2059 moribundus
556 1999 702 2060 festinatis
716 1998 853 2061 lictorum
867 1999 1004 2060 manibus
1018 2003 1049 2061 in
1064 2018 1126 2063 car·

118 2105 216 2148 cerem
239 2094 342 2165 raptus
366 2094 424 2166 est,
448 2086 607 2166 lancesque
631 2089 688 2147 iam
712 2089 854 2148 exanimis
872 2087 978 2167 laqueo
997 2096 1125 2150 vexatae.

117 2194 155 2236 ne
169 2175 311 2253 Tigranes
327 2175 458 2254 quidem,
472 2175 610 2235 Armenia
625 2176 772 2255 quondam
785 2178 898 2254 potitus
912 2194 945 2237 ac
959 2183 1032 2239 tunc
1046 2194 1126 2258 reus,

117 2266 235 2324 nomine
254 2265 336 2341 regio
356 2262 499 2343 supplicia
518 2265 626 2324 civium
645 2263 755 2343 effugit.
790 2272 819 2325 at
838 2263 868 2326 G.
883 2263 972 2325 Galba
991 2265 1126 2327 consula·

78 2369 104 2407 ιο
118 2355 166 2413 ris
179 2360 209 2412 et
227 2352 285 2412 duo
304 2351 399 2412 blaesi
418 2351 583 2413 voluntario
601 2354 682 2414 exitu
705 2353 854 2434 cecidere,
876 2351 966 2414 Galba
989 2341 1126 2415 tristibus

117 2441 251 2502 Gaesaris
264 2440 372 2501 litteris
385 2443 566 2520 provinciam
581 2442 683 2502 sortiri
700 2440 882 2520 prohibitus:
899 2440 1011 2502 Blaesis
1029 2460 1125 2505 sacer·

117 2531 205 2612 dotia,
219 2532 334 2610 integra
348 2547 452 2590 eorum
462 2529 548 2590 domo
559 2529 711 2610 destinata,
726 2528 865 2608 convulsa
875 2529 1039 2612 distulerat,
1052 2538 1126 2592 tunc

116 2628 151 2680 ut
168 2638 260 2681 vacua
278 2618 403 2680 contulit
421 2621 451 2679 in
471 2618 557 2699 alios,
580 2619 659 2699 quod
682 2620 800 2697 signum
822 2619 927 2679 mortis
952 2618 1125 2681 intellexere

117 2715 148 2767 et
161 2710 385 2769 exsecutisunt.
414 2716 444 2768 et
457 2706 580 2768 Aemilia
595 2707 716 2786 Lepida,
736 2724 824 2786 qnam
842 2706 942 2767 iuveni
956 2706 1053 2768 llruso
1071 2726 1125 2770 nu·

77 2807 102 2848 ιι
116 2801 196 2874 ptam
206 2795 316 2875 rettuli,
332 2796 446 2857 crebris
456 2794 631 2857 criminibus
640 2797 778 2855 maritum
788 2796 939 2875 insectata,
947 2813 1125 2876 quamquam

116 2881 306 2962 intestabilis,
325 2892 423 2944 tamen
437 2886 582 2962 impunita
597 2881 713 2964 agebat,
729 2882 799 2943 dum
813 2884 959 2963 superfuit
972 2891 1058 2963 pater
1073 2884 1125 2946 Le·

116 2971 217 3050 pidus:
240 2979 308 3048 post
331 2989 347 3030 a
370 2970 552 3032 delatoribus
570 2973 733 3049 corripitur
750 2970 789 3032 ob
808 2988 926 3033 serrum
949 2973 1125 3054 adulterum,

117 3078 171 3120 nec
194 3057 386 3120 dubitabatur
408 3058 592 3137 dellagitio:
615 3077 686 3137 ergo
710 3061 817 3121 omissa
840 3060 1012 3121 defensione
1036 3062 1125 3123 linem

115 3151 191 3209 vitae
205 3146 263 3208 sibi
276 3148 384 3227 posuit.

186 3300 232 3369 88,
254 3307 286 3356 1o
310 3300 458 3355 damnatur
477 3299 579 3367 Serbes,
603 3299 752 3354 damnatus
771 3301 816 3355 est
832 3301 975 3370 Nipperd'
1014 3303 1019 3369 l
1044 3300 1090 3370 Gi),
1111 3309 1123 3355 1

115 3371 276 3427 trebellieni
290 3415 296 3427 .
312 3415 318 3427 .
334 3369 528 3438 {nebellienus‚
548 3386 595 3426 cm.
614 3372 756 3426 Audrcseu
780 3373 785 3440 Ι
810 3370 857 3439 40,
878 3377 891 3425 1
912 3369 943 3436 Q.
990 3373 1125 3427 Ιιοοοοοοοοοε

114 3441 242 3567 ppppstiiius
258 3441 263 3514 l
279 3449 295 3496 2
311 3445 438 3499 laauecm
456 3444 501 3497 bic
518 3443 626 3496 notae-r
643 3443 784 3492 libiade*
803 3444 807 3496 1
828 3447 859 3496 ¹0
873 3440 968 3495 Blaesi
981 3444 1125 3499 Aurelios:
