2408 3870
114 212 180 277 372
384 256 390 265 .
465 211 634 266 CORNELII
651 213 772 268 TACITI

114 360 232 440 ruebat,
251 362 310 421 nisi
322 361 473 421 interiecti
485 359 607 421 lictores
621 363 756 440 utrisque
771 363 965 428 obstitissent.
996 391 1077 437 mex
1093 380 1138 441 da·

114 458 163 510 tus
176 447 304 510 testibus
317 447 415 529 loous;
434 456 464 509 et
477 456 621 526 quantum
635 451 857 513 misericordiae
871 457 994 518 saevitia
1011 478 1138 530 accusa-

114 539 203 599 tionis
226 545 425 617 permoverat,
447 544 564 598 tantum
586 539 648 597 irae
667 536 698 599 P.
716 537 860 617 Egnatius
883 546 969 605 testis
990 557 1137 618 concivit

114 627 207 688 cliens
220 625 270 687 bio
285 624 404 705 Sorani,
422 632 454 685 et
472 633 544 686 tuuc
562 633 680 704 emptus
694 626 730 688 ad
744 629 972 706 opprimendum
989 641 1139 724 amicum,

75 733 100 772 ιο
114 717 319 777 anctoritatem
343 713 459 774 Stoicae
486 720 585 774 sectae
607 713 806 797 praeferebat,
833 716 935 778 habitu
960 729 993 782 et
1019 742 1079 790 ore
1104 732 1138 793 ad

113 802 335 883 exprimendam
357 803 516 880 imaginem
538 802 656 864 honesti
679 807 840 885 exercitus,
868 814 1005 871 ceterum
1032 820 1138 879 animo

113 894 303 973 perfidiosus,
317 889 474 971 subdolus,
488 893 638 952 avaritiam
653 910 688 953 ac
702 891 854 955 libidinem
868 896 1041 983 occultans;
1056 924 1138 984 quaa

112 990 269 1063 postquam
282 981 410 1059 pecunia
422 978 540 1040 reclusa
553 987 631 1059 sunt,
646 980 728 1043 dedit
741 983 908 1062 exemplum
921 996 1137 1076 praecavendi,

114 1089 172 1152 quo
186 1069 274 1131 modo
287 1067 443 1128 fraudibus
457 1067 605 1130 involutos
618 1078 670 1130 aut
682 1070 802 1149 flagitiis
820 1073 1070 1161 commaculatos,
1092 1086 1136 1144 sic
1167 1058 1169 1071 ⁴

74 1175 99 1215 ιι
113 1161 213 1240 specie
227 1157 373 1219 bonarum
387 1159 496 1218 artium
510 1157 599 1219 falsos
614 1167 644 1218 et
658 1160 805 1220 amicitiae
819 1160 945 1235 lallaces.

179 1243 231 1309 33.
250 1245 331 1307 idem
349 1253 448 1307 tamur
467 1246 531 1307 dies
546 1255 575 1308 et
589 1245 747 1309 honestum
766 1249 933 1327 exemplum
947 1250 1019 1313 tulit
1034 1254 1135 1320 Cassii

112 1335 325 1416 Asclepiodoti,
344 1337 397 1413 qui
414 1335 616 1413 magnitudine
635 1354 725 1414 opum
738 1340 917 1417 praecipuus
931 1340 1013 1401 inter
1027 1342 1133 1426 Bithy-

112 1445 176 1507 nos,
191 1444 250 1504 quo
264 1423 408 1502 obsequio
422 1422 578 1484 florentem
593 1423 739 1511 Soranum
754 1425 962 1507 celebraverat,
975 1427 1133 1495 labentem

114 1532 172 1575 non
183 1514 324 1593 deseruit,
338 1518 505 1590 exutusque
516 1512 653 1573 omnibus
664 1513 791 1575 fortunis
805 1522 835 1575 et
849 1517 880 1575 in
894 1515 1017 1577 exilium
1033 1529 1138 1603 actus,

86 1604 260 1682 uaequitate
284 1600 373 1662 deum
396 1618 466 1678 erga
489 1600 566 1662 bona
588 1601 723 1679 malaque
746 1602 930 1665 documenta.
976 1604 1131 1671 Thraseae

113 1692 285 1770 Soranoque
299 1697 329 1750 et
344 1688 484 1749 Serviliae
503 1689 591 1751 datur
608 1692 713 1750 mortis
732 1691 897 1753 arbitrium.
924 1690 1084 1759 Helvidius
1101 1708 1131 1759 et

112 1780 258 1840 Paconius
276 1777 358 1838 ltalia
380 1776 578 1855 depelluntur.
613 1777 771 1841 Montanus
793 1782 872 1859 patri
888 1798 1055 1845 concessus
1075 1797 1129 1865 est,

112 1868 264 1947 praedicto
279 1885 316 1926 ne
330 1869 362 1926 in
375 1884 409 1926 re
423 1865 540 1944 publica
554 1865 723 1929 haberetur,
751 1868 975 1930 accusatoribus
989 1869 1084 1950 Eprio
1100 1883 1128 1933 et

113 1958 287 2019 Cossutiano
302 1956 518 2033 quinquagiens
532 1957 704 2015 sestertium
718 1956 856 2036 singulis,
874 1955 995 2018 Ostorio
1015 1960 1126 2021 dnode-

73 2062 99 2101 ιο
113 2049 195 2106 ciens
209 2053 239 2104 et
253 2043 422 2122 quaestoria
436 2044 563 2120 insignia
577 2042 759 2105 tribuuntur.

179 2130 230 2194 34.
249 2130 326 2191 Tum
344 2129 379 2190 ad
399 2129 559 2190 Thraseam
576 2133 608 2191 in
626 2131 721 2192 hortis
739 2138 875 2209 agentem
895 2141 1036 2211 quaestor
1053 2153 1121 2194 con·

112 2222 185 2282 sniis
204 2221 314 2280 missus
332 2226 558 2297 vesperascente
576 2221 634 2281 iam
653 2220 708 2281 die.
742 2217 915 2280 inlustrium
933 2224 1062 2282 virorum
1079 2220 1119 2278 ie·

112 2313 319 2386 minarumque
333 2314 452 2367 coetum
466 2307 652 2385 frequentem
666 2314 775 2388 egerat,
789 2308 916 2368 maxime
927 2307 1121 2370 intentusbe-

112 2400 218 2459 metrio
234 2396 359 2475 Cynicae
374 2397 570 2456 institutionis
585 2397 714 2477 doctori,
732 2414 800 2458 cunr
814 2414 887 2475 quo,
907 2403 942 2457 ut
955 2399 1123 2458 coniectare

85 2503 98 2544 s
112 2495 176 2548 erat
190 2487 354 2547 intentione
369 2484 468 2545 vultus
483 2493 513 2546 et
526 2485 649 2566 auditis,
667 2487 694 2545 si
712 2503 770 2564 qua
784 2484 893 2545 clarius
906 2482 1124 2563 proloqueban-

112 2584 175 2655 tur,
199 2575 235 2635 de
254 2581 359 2634 natura
378 2575 492 2633 animae
511 2580 541 2634 et
559 2573 767 2633 dissociatione
786 2575 909 2651 spiritus
927 2574 1126 2653 corporisque

112 2663 294 2742 inquirebat,
318 2662 412 2723 donec
435 2662 554 2722 advenit
575 2662 720 2722 Domitius
744 2660 928 2722 Caecilianus
951 2677 989 2719 ex
1012 2663 1127 2722 intimis

112 2754 215 2813 amicis
233 2759 264 2811 et
282 2752 309 2810 ei
329 2750 400 2829 quid
419 2759 540 2811 senatus
559 2751 725 2811 censuisset
739 2751 884 2828 exposuit.
912 2750 1006 2826 igitur
1019 2747 1127 2809 ilentes

113 2842 369 2920 queritantesque,
389 2840 441 2918 qni
459 2838 593 2920 aderant,
612 2838 759 2899 facessere
778 2855 906 2916 propere
919 2834 1053 2896 Thrasea
1067 2854 1128 2897 neu

72 2945 99 2984 1o
113 2929 245 3009 pericula
259 2946 313 2987 sua
327 2928 453 2987 miscere
467 2944 536 2987 cum
550 2935 630 2988 sorte
645 2927 775 2987 damnati
787 2925 933 3003 hortatur,
946 2923 1127 3002 Arriamque

112 3024 305 3096 temptantem
315 3016 414 3076 mariti
429 3033 567 3094 suprema
582 3022 612 3075 et
626 3013 794 3092 exemplum
803 3014 907 3073 Arriae
920 3013 1027 3071 matris
1043 3014 1129 3090 sequi

31 3146 35 3151 -
113 3115 213 3166 monet
235 3107 365 3165 retinere
385 3105 475 3164 vitam
492 3104 629 3183 filiaeque
648 3104 799 3163 communi
817 3099 984 3162 subsidium
1003 3102 1128 3161 unicum

113 3212 173 3255 non
189 3194 328 3254 adimere.

184 3416 228 3481 32,
245 3423 260 3470 6
279 3414 436 3475 interiectis
452 3417 456 3480 1
473 3420 506 3467 11
527 3414 666 3468 exercitus
684 3413 831 3484 Agricola:
850 3411 881 3466 eb
898 3407 1017 3464 exerciti
1031 3410 1037 3478 Ι
1053 3409 1130 3476 ⁸325

113 3486 257 3554 aequitate
274 3486 344 3557 134,
365 3492 377 3538 1
399 3484 449 3555 ad]
468 3501 486 3538 a
501 3484 538 3552 13
558 3485 636 3555 optus
658 3483 818 3551 frequente,
844 3498 892 3535 cm.
910 3479 1004 3534 Rtttar
1023 3481 1131 3548 (coetus

112 3556 272 3624 frequentes
291 3553 507 3624 ot.)}intenti11
524 3559 539 3608 9
558 3555 626 3624 neu]
649 3568 702 3606 nec
725 3551 906 3623 Nipperdey}
923 3554 956 3604 10
979 3547 1132 3603 hortantur
