<?xml version="1.0" encoding="UTF-8"?>
<!DOCTYPE html PUBLIC "-//W3C//DTD XHTML 1.0 Transitional//EN"
    "http://www.w3.org/TR/xhtml1/DTD/xhtml1-transitional.dtd">
<html xmlns="http://www.w3.org/1999/xhtml" xml:lang="en" lang="en">
 <head>
  <title>
</title>
<meta http-equiv="Content-Type" content="text/html;charset=utf-8" />
  <meta name='ocr-system' content='tesseract 3.04.00' />
  <meta name='ocr-capabilities' content='ocr_page ocr_carea ocr_par ocr_line ocrx_word'/>
</head>
<body>
  <div class='ocr_page' id='page_1' title='image "./libriquisupersu00halmgoog_0105.png"; bbox 0 0 2392 3876; ppageno 0'>
   <div class='ocr_carea' id='block_1_1' title="bbox 115 169 776 238">
    <p class='ocr_par' dir='ltr' id='par_1_1' title="bbox 115 169 776 238">
     <span class='ocr_line' id='line_1_1' title="bbox 115 169 776 238; baseline -0.005 -10"><span class='ocrx_word' id='word_1_1' title='bbox 115 173 159 238; x_wconf 89' lang='grc'><strong>94</strong></span> <span class='ocrx_word' id='word_1_2' title='bbox 471 169 641 229; x_wconf 83' lang='lat' dir='ltr'>CORNELII</span> <span class='ocrx_word' id='word_1_3' title='bbox 657 169 776 226; x_wconf 80' lang='lat' dir='ltr'><strong>TACITI</strong></span> 
     </span>
    </p>
   </div>
   <div class='ocr_carea' id='block_1_2' title="bbox 70 319 1133 3315">
    <p class='ocr_par' dir='ltr' id='par_1_2' title="bbox 113 319 1132 580">
     <span class='ocr_line' id='line_1_2' title="bbox 113 319 1130 400; baseline 0.001 -18"><span class='ocrx_word' id='word_1_4' title='bbox 113 321 273 383; x_wconf 84' lang='lat' dir='ltr'><strong>vindictam</strong></span> <span class='ocrx_word' id='word_1_5' title='bbox 284 320 451 382; x_wconf 88' lang='lat' dir='ltr'><strong>Germanici</strong></span> <span class='ocrx_word' id='word_1_6' title='bbox 465 328 563 400; x_wconf 80' lang='lat' dir='ltr'><strong>grates</strong></span> <span class='ocrx_word' id='word_1_7' title='bbox 578 319 705 399; x_wconf 87' lang='lat' dir='ltr'><strong>agendas</strong></span> <span class='ocrx_word' id='word_1_8' title='bbox 715 322 913 399; x_wconf 74' lang='lat' dir='ltr'><strong>omiseratque</strong></span> <span class='ocrx_word' id='word_1_9' title='bbox 924 319 1038 382; x_wconf 84' lang='lat' dir='ltr'><strong>Claudii</strong></span> <span class='ocrx_word' id='word_1_10' title='bbox 1046 339 1130 383; x_wconf 90' lang='lat' dir='ltr'><strong>men·</strong></span> 
     </span>
     <span class='ocr_line' id='line_1_3' title="bbox 114 410 1132 489; baseline 0.001 -17"><span class='ocrx_word' id='word_1_11' title='bbox 114 414 234 472; x_wconf 91' lang='lat' dir='ltr'><strong>tionem.</strong></span> <span class='ocrx_word' id='word_1_12' title='bbox 272 417 303 472; x_wconf 91' lang='lat' dir='ltr'><strong>et</strong></span> <span class='ocrx_word' id='word_1_13' title='bbox 325 410 516 472; x_wconf 87' lang='lat' dir='ltr'><strong>Messalinum</strong></span> <span class='ocrx_word' id='word_1_14' title='bbox 539 410 660 489; x_wconf 90' lang='lat' dir='ltr'><strong>quidem</strong></span> <span class='ocrx_word' id='word_1_15' title='bbox 678 410 710 470; x_wconf 88' lang='lat' dir='ltr'><strong>L.</strong></span> <span class='ocrx_word' id='word_1_16' title='bbox 728 411 877 488; x_wconf 78' lang='lat' dir='ltr'>Asprenas</span> <span class='ocrx_word' id='word_1_17' title='bbox 901 417 1009 471; x_wconf 24' lang='lat' dir='ltr'><strong>senatu*</strong></span> <span class='ocrx_word' id='word_1_18' title='bbox 1028 428 1132 473; x_wconf 90' lang='lat' dir='ltr'><strong>coram</strong></span> 
     </span>
     <span class='ocr_line' id='line_1_4' title="bbox 113 498 1132 580; baseline -0.002 -18"><span class='ocrx_word' id='word_1_19' title='bbox 113 507 307 580; x_wconf 78' lang='lat' dir='ltr'><strong>percontatus</strong></span> <span class='ocrx_word' id='word_1_20' title='bbox 326 507 372 561; x_wconf 89' lang='lat' dir='ltr'><strong>est</strong></span> <span class='ocrx_word' id='word_1_21' title='bbox 389 518 427 560; x_wconf 95' lang='lat' dir='ltr'><strong>an</strong></span> <span class='ocrx_word' id='word_1_22' title='bbox 446 499 578 578; x_wconf 91' lang='lat' dir='ltr'><strong>prudens</strong></span> <span class='ocrx_word' id='word_1_23' title='bbox 592 499 799 579; x_wconf 83' lang='lat' dir='ltr'><strong>praeterisset3</strong></span> <span class='ocrx_word' id='word_1_24' title='bbox 818 516 852 560; x_wconf 91' lang='lat' dir='ltr'><strong>ac</strong></span> <span class='ocrx_word' id='word_1_25' title='bbox 867 505 928 559; x_wconf 90' lang='lat' dir='ltr'><strong>tum</strong></span> <span class='ocrx_word' id='word_1_26' title='bbox 943 498 1063 559; x_wconf 91' lang='lat' dir='ltr'><strong>demum</strong></span> <span class='ocrx_word' id='word_1_27' title='bbox 1078 517 1132 560; x_wconf 86' lang='lat' dir='ltr'><strong>no-</strong></span> 
     </span>
    </p>

    <p class='ocr_par' dir='ltr' id='par_1_3' title="bbox 74 587 1133 1023">
     <span class='ocr_line' id='line_1_5' title="bbox 74 587 1133 667; baseline 0.003 -22"><span class='ocrx_word' id='word_1_28' title='bbox 74 603 100 646; x_wconf 75' lang='lat' dir='ltr'><strong>ra</strong></span> <span class='ocrx_word' id='word_1_29' title='bbox 114 607 183 651; x_wconf 92' lang='lat' dir='ltr'><strong>men</strong></span> <span class='ocrx_word' id='word_1_30' title='bbox 202 589 318 651; x_wconf 85' lang='lat' dir='ltr'>Claudii</span> <span class='ocrx_word' id='word_1_31' title='bbox 336 589 519 667; x_wconf 87' lang='lat' dir='ltr'><strong>adscriptum</strong></span> <span class='ocrx_word' id='word_1_32' title='bbox 538 596 591 648; x_wconf 91' lang='lat' dir='ltr'><strong>est.</strong></span> <span class='ocrx_word' id='word_1_33' title='bbox 628 587 710 667; x_wconf 91' lang='lat' dir='ltr'><strong>mihi,</strong></span> <span class='ocrx_word' id='word_1_34' title='bbox 729 595 839 666; x_wconf 89' lang='lat' dir='ltr'><strong>quanto</strong></span> <span class='ocrx_word' id='word_1_35' title='bbox 858 587 943 666; x_wconf 90' lang='lat' dir='ltr'><strong>plura</strong></span> <span class='ocrx_word' id='word_1_36' title='bbox 961 590 1133 648; x_wconf 89' lang='lat' dir='ltr'><strong>recentium</strong></span> 
     </span>
     <span class='ocr_line' id='line_1_6' title="bbox 114 674 1133 756; baseline -0.003 -16"><span class='ocrx_word' id='word_1_37' title='bbox 114 697 168 746; x_wconf 88' lang='lat' dir='ltr'><strong>seu</strong></span> <span class='ocrx_word' id='word_1_38' title='bbox 187 686 321 741; x_wconf 86' lang='lat' dir='ltr'><strong>veterum</strong></span> <span class='ocrx_word' id='word_1_39' title='bbox 340 676 467 756; x_wconf 82' lang='lat' dir='ltr'>revolvo,</span> <span class='ocrx_word' id='word_1_40' title='bbox 486 683 568 737; x_wconf 91' lang='lat' dir='ltr'><strong>tanto</strong></span> <span class='ocrx_word' id='word_1_41' title='bbox 586 678 679 755; x_wconf 91' lang='lat' dir='ltr'><strong>magis</strong></span> <span class='ocrx_word' id='word_1_42' title='bbox 698 674 825 736; x_wconf 89' lang='lat' dir='ltr'><strong>ludibria</strong></span> <span class='ocrx_word' id='word_1_43' title='bbox 843 693 945 737; x_wconf 90' lang='lat' dir='ltr'><strong>rerum</strong></span> <span class='ocrx_word' id='word_1_44' title='bbox 958 675 1133 737; x_wconf 85' lang='lat' dir='ltr'><strong>mortalium</strong></span> 
     </span>
     <span class='ocr_line' id='line_1_7' title="bbox 114 763 1132 844; baseline -0.003 -15"><span class='ocrx_word' id='word_1_45' title='bbox 114 769 231 829; x_wconf 85' lang='lat' dir='ltr'><strong>cunctis</strong></span> <span class='ocrx_word' id='word_1_46' title='bbox 244 768 277 826; x_wconf 91' lang='lat' dir='ltr'><strong>in</strong></span> <span class='ocrx_word' id='word_1_47' title='bbox 290 767 418 844; x_wconf 87' lang='lat' dir='ltr'><strong>negotiis</strong></span> <span class='ocrx_word' id='word_1_48' title='bbox 432 763 637 826; x_wconf 83' lang='lat' dir='ltr'><strong>obversantur.</strong></span> <span class='ocrx_word' id='word_1_49' title='bbox 662 766 771 843; x_wconf 91' lang='lat' dir='ltr'><strong>quippe</strong></span> <span class='ocrx_word' id='word_1_50' title='bbox 786 764 862 824; x_wconf 89' lang='lat' dir='ltr'><strong>fama</strong></span> <span class='ocrx_word' id='word_1_51' title='bbox 877 782 929 843; x_wconf 90' lang='lat' dir='ltr'><strong>spe</strong></span> <span class='ocrx_word' id='word_1_52' title='bbox 938 767 1132 826; x_wconf 87' lang='lat' dir='ltr'><strong>veneratione</strong></span> 
     </span>
     <span class='ocr_line' id='line_1_8' title="bbox 113 852 1131 936; baseline -0.002 -20"><span class='ocrx_word' id='word_1_53' title='bbox 113 859 213 936; x_wconf 90' lang='lat' dir='ltr'><strong>potius</strong></span> <span class='ocrx_word' id='word_1_54' title='bbox 224 872 327 915; x_wconf 91' lang='lat' dir='ltr'><strong>omnes</strong></span> <span class='ocrx_word' id='word_1_55' title='bbox 337 852 563 915; x_wconf 89' lang='lat' dir='ltr'><strong>destinabantur</strong></span> <span class='ocrx_word' id='word_1_56' title='bbox 571 855 696 933; x_wconf 88' lang='lat' dir='ltr'><strong>imperio</strong></span> <span class='ocrx_word' id='word_1_57' title='bbox 707 869 796 933; x_wconf 90' lang='lat' dir='ltr'><strong>quam</strong></span> <span class='ocrx_word' id='word_1_58' title='bbox 805 870 894 933; x_wconf 89' lang='lat' dir='ltr'><strong>quem</strong></span> <span class='ocrx_word' id='word_1_59' title='bbox 904 854 1038 915; x_wconf 89' lang='lat' dir='ltr'><strong>futurum</strong></span> <span class='ocrx_word' id='word_1_60' title='bbox 1046 857 1131 933; x_wconf 91' lang='lat' dir='ltr'><strong>prin-</strong></span> 
     </span>
     <span class='ocr_line' id='line_1_9' title="bbox 114 941 662 1023; baseline -0.004 -19"><span class='ocrx_word' id='word_1_61' title='bbox 114 946 210 1023; x_wconf 89' lang='lat' dir='ltr'><strong>cipem</strong></span> <span class='ocrx_word' id='word_1_62' title='bbox 224 944 343 1003; x_wconf 90' lang='lat' dir='ltr'><strong>fortuna</strong></span> <span class='ocrx_word' id='word_1_63' title='bbox 357 944 389 1003; x_wconf 91' lang='lat' dir='ltr'><strong>in</strong></span> <span class='ocrx_word' id='word_1_64' title='bbox 403 942 519 1003; x_wconf 87' lang='lat' dir='ltr'><strong>occulto</strong></span> <span class='ocrx_word' id='word_1_65' title='bbox 533 941 662 1003; x_wconf 90' lang='lat' dir='ltr'><strong>tenebat.</strong></span> 
     </span>
    </p>

    <p class='ocr_par' dir='ltr' id='par_1_4' title="bbox 113 1028 1131 1378">
     <span class='ocr_line' id='line_1_10' title="bbox 184 1028 1131 1109; baseline 0 -16"><span class='ocrx_word' id='word_1_66' title='bbox 184 1028 232 1093; x_wconf 87' lang='lat'><strong>19.</strong></span> <span class='ocrx_word' id='word_1_67' title='bbox 247 1030 354 1093; x_wconf 80' lang='lat' dir='ltr'><strong>Paucis</strong></span> <span class='ocrx_word' id='word_1_68' title='bbox 368 1038 436 1109; x_wconf 91' lang='lat' dir='ltr'><strong>post</strong></span> <span class='ocrx_word' id='word_1_69' title='bbox 449 1031 555 1092; x_wconf 90' lang='lat' dir='ltr'><strong>diebus</strong></span> <span class='ocrx_word' id='word_1_70' title='bbox 570 1029 677 1092; x_wconf 80' lang='lat' dir='ltr'><strong>Caesar</strong></span> <span class='ocrx_word' id='word_1_71' title='bbox 692 1038 794 1092; x_wconf 79' lang='lat' dir='ltr'><strong>auctor</strong></span> <span class='ocrx_word' id='word_1_72' title='bbox 809 1033 926 1092; x_wconf 90' lang='lat' dir='ltr'><strong>senatui</strong></span> <span class='ocrx_word' id='word_1_73' title='bbox 939 1031 997 1091; x_wconf 89' lang='lat' dir='ltr'><strong>fnit</strong></span> <span class='ocrx_word' id='word_1_74' title='bbox 1011 1030 1131 1094; x_wconf 90' lang='lat' dir='ltr'><strong>Vitellio</strong></span> 
     </span>
     <span class='ocr_line' id='line_1_11' title="bbox 113 1118 1131 1199; baseline 0 -18"><span class='ocrx_word' id='word_1_75' title='bbox 113 1127 202 1199; x_wconf 81' lang='lat' dir='ltr'><strong>atque</strong></span> <span class='ocrx_word' id='word_1_76' title='bbox 217 1118 342 1181; x_wconf 89' lang='lat' dir='ltr'><strong>Veranio</strong></span> <span class='ocrx_word' id='word_1_77' title='bbox 357 1127 388 1180; x_wconf 91' lang='lat' dir='ltr'><strong>et</strong></span> <span class='ocrx_word' id='word_1_78' title='bbox 402 1119 529 1180; x_wconf 81' lang='lat' dir='ltr'><strong>Servaeo</strong></span> <span class='ocrx_word' id='word_1_79' title='bbox 549 1119 713 1180; x_wconf 90' lang='lat' dir='ltr'><strong>sacerdotia</strong></span> <span class='ocrx_word' id='word_1_80' title='bbox 731 1118 896 1179; x_wconf 88' lang='lat' dir='ltr'><strong>tribuendi:</strong></span> <span class='ocrx_word' id='word_1_81' title='bbox 914 1119 1048 1180; x_wconf 84' lang='lat' dir='ltr'><strong>Fulcinio</strong></span> <span class='ocrx_word' id='word_1_82' title='bbox 1069 1122 1131 1183; x_wconf 93' lang='lat' dir='ltr'><strong>suf-</strong></span> 
     </span>
     <span class='ocr_line' id='line_1_12' title="bbox 113 1207 1131 1287; baseline 0.001 -18"><span class='ocrx_word' id='word_1_83' title='bbox 113 1207 240 1286; x_wconf 81' lang='lat' dir='ltr'><strong>fra&#39;gium</strong></span> <span class='ocrx_word' id='word_1_84' title='bbox 254 1209 291 1269; x_wconf 92' lang='lat' dir='ltr'><strong>ad</strong></span> <span class='ocrx_word' id='word_1_85' title='bbox 305 1208 434 1270; x_wconf 89' lang='lat' dir='ltr'><strong>bonores</strong></span> <span class='ocrx_word' id='word_1_86' title='bbox 448 1207 598 1287; x_wconf 89' lang='lat' dir='ltr'><strong>pollicitus</strong></span> <span class='ocrx_word' id='word_1_87' title='bbox 611 1209 740 1287; x_wconf 92' lang='lat' dir='ltr'><strong>monuit,</strong></span> <span class='ocrx_word' id='word_1_88' title='bbox 755 1225 792 1269; x_wconf 88' lang='lat' dir='ltr'><strong>ne</strong></span> <span class='ocrx_word' id='word_1_89' title='bbox 807 1207 973 1268; x_wconf 80' lang='lat' dir='ltr'><strong>facundiam</strong></span> <span class='ocrx_word' id='word_1_90' title='bbox 988 1207 1131 1270; x_wconf 88' lang='lat' dir='ltr'><strong>violentia</strong></span> 
     </span>
     <span class='ocr_line' id='line_1_13' title="bbox 113 1295 1131 1378; baseline 0.002 -21"><span class='ocrx_word' id='word_1_91' title='bbox 113 1300 331 1377; x_wconf 88' lang='lat' dir='ltr'><strong>praecipitaret.</strong></span> <span class='ocrx_word' id='word_1_92' title='bbox 355 1299 381 1358; x_wconf 92' lang='lat' dir='ltr'><strong>is</strong></span> <span class='ocrx_word' id='word_1_93' title='bbox 395 1297 463 1358; x_wconf 89' lang='lat' dir='ltr'><strong>finis</strong></span> <span class='ocrx_word' id='word_1_94' title='bbox 476 1297 533 1358; x_wconf 91' lang='lat' dir='ltr'><strong>fnit</strong></span> <span class='ocrx_word' id='word_1_95' title='bbox 547 1300 579 1358; x_wconf 81' lang='lat' dir='ltr'><strong>in</strong></span> <span class='ocrx_word' id='word_1_96' title='bbox 592 1296 762 1358; x_wconf 82' lang='lat' dir='ltr'><strong>ulciscenda</strong></span> <span class='ocrx_word' id='word_1_97' title='bbox 772 1295 1055 1378; x_wconf 87' lang='lat' dir='ltr'><strong>Germanicimorte,</strong></span> <span class='ocrx_word' id='word_1_98' title='bbox 1068 1317 1131 1359; x_wconf 93' lang='lat' dir='ltr'><strong>non</strong></span> 
     </span>
    </p>

    <p class='ocr_par' dir='ltr' id='par_1_5' title="bbox 86 1377 1131 1822">
     <span class='ocr_line' id='line_1_14' title="bbox 86 1377 1130 1466; baseline 0.005 -24"><span class='ocrx_word' id='word_1_99' title='bbox 86 1386 200 1447; x_wconf 81' lang='lat' dir='ltr'><strong>amodo</strong></span> <span class='ocrx_word' id='word_1_100' title='bbox 215 1386 293 1466; x_wconf 91' lang='lat' dir='ltr'><strong>apud</strong></span> <span class='ocrx_word' id='word_1_101' title='bbox 308 1377 374 1447; x_wconf 86' lang='lat' dir='ltr'><strong>illos</strong></span> <span class='ocrx_word' id='word_1_102' title='bbox 388 1385 532 1466; x_wconf 87' lang='lat' dir='ltr'><strong>homines,</strong></span> <span class='ocrx_word' id='word_1_103' title='bbox 547 1387 599 1464; x_wconf 93' lang='lat' dir='ltr'><strong>qui</strong></span> <span class='ocrx_word' id='word_1_104' title='bbox 612 1393 677 1446; x_wconf 88' lang='lat' dir='ltr'><strong>tum</strong></span> <span class='ocrx_word' id='word_1_105' title='bbox 686 1384 819 1464; x_wconf 78' lang='lat' dir='ltr'><strong>agebant,</strong></span> <span class='ocrx_word' id='word_1_106' title='bbox 834 1387 923 1446; x_wconf 89' lang='lat' dir='ltr'><strong>etiam</strong></span> <span class='ocrx_word' id='word_1_107' title='bbox 933 1388 1045 1447; x_wconf 89' lang='lat' dir='ltr'><strong>secutis</strong></span> <span class='ocrx_word' id='word_1_108' title='bbox 1054 1394 1130 1447; x_wconf 87' lang='lat' dir='ltr'><strong>tem-</strong></span> 
     </span>
     <span class='ocr_line' id='line_1_15' title="bbox 112 1473 1130 1555; baseline 0 -19"><span class='ocrx_word' id='word_1_109' title='bbox 112 1475 237 1555; x_wconf 88' lang='lat' dir='ltr'><strong>poribus</strong></span> <span class='ocrx_word' id='word_1_110' title='bbox 256 1476 337 1536; x_wconf 88' lang='lat' dir='ltr'><strong>vario</strong></span> <span class='ocrx_word' id='word_1_111' title='bbox 356 1493 477 1536; x_wconf 90' lang='lat' dir='ltr'><strong>rumore</strong></span> <span class='ocrx_word' id='word_1_112' title='bbox 495 1477 609 1536; x_wconf 89' lang='lat' dir='ltr'><strong>iactata.</strong></span> <span class='ocrx_word' id='word_1_113' title='bbox 646 1473 719 1534; x_wconf 92' lang='lat' dir='ltr'><strong>adeo</strong></span> <span class='ocrx_word' id='word_1_114' title='bbox 737 1475 864 1534; x_wconf 82' lang='lat' dir='ltr'><strong>maxima</strong></span> <span class='ocrx_word' id='word_1_115' title='bbox 882 1492 1017 1553; x_wconf 87' lang='lat' dir='ltr'><strong>quaeque</strong></span> <span class='ocrx_word' id='word_1_116' title='bbox 1036 1475 1130 1536; x_wconf 90' lang='lat' dir='ltr'><strong>ambi-</strong></span> 
     </span>
     <span class='ocr_line' id='line_1_16' title="bbox 112 1561 1131 1652; baseline -0.002 -26"><span class='ocrx_word' id='word_1_117' title='bbox 112 1584 168 1644; x_wconf 85' lang='lat' dir='ltr'><strong>gua</strong></span> <span class='ocrx_word' id='word_1_118' title='bbox 184 1572 264 1645; x_wconf 89' lang='lat' dir='ltr'><strong>sunt,</strong></span> <span class='ocrx_word' id='word_1_119' title='bbox 277 1565 348 1625; x_wconf 94' lang='lat' dir='ltr'><strong>dum</strong></span> <span class='ocrx_word' id='word_1_120' title='bbox 362 1564 412 1625; x_wconf 90' lang='lat' dir='ltr'><strong>alii</strong></span> <span class='ocrx_word' id='word_1_121' title='bbox 426 1582 545 1643; x_wconf 89' lang='lat' dir='ltr'><strong>quoquo</strong></span> <span class='ocrx_word' id='word_1_122' title='bbox 559 1563 646 1624; x_wconf 92' lang='lat' dir='ltr'><strong>modo</strong></span> <span class='ocrx_word' id='word_1_123' title='bbox 660 1561 760 1652; x_wconf 70' lang='lat' dir='ltr'><strong>audita</strong></span> <span class='ocrx_word' id='word_1_124' title='bbox 773 1580 828 1641; x_wconf 88' lang='lat' dir='ltr'><strong>pro</strong></span> <span class='ocrx_word' id='word_1_125' title='bbox 843 1565 994 1640; x_wconf 88' lang='lat' dir='ltr'><strong>conpertis</strong></span> <span class='ocrx_word' id='word_1_126' title='bbox 1007 1562 1131 1645; x_wconf 90' lang='lat' dir='ltr'><strong>babent,</strong></span> 
     </span>
     <span class='ocr_line' id='line_1_17' title="bbox 112 1650 1131 1731; baseline 0 -17"><span class='ocrx_word' id='word_1_127' title='bbox 112 1653 162 1714; x_wconf 91' lang='lat' dir='ltr'><strong>alii</strong></span> <span class='ocrx_word' id='word_1_128' title='bbox 175 1672 246 1715; x_wconf 82' lang='lat' dir='ltr'><strong>vcra</strong></span> <span class='ocrx_word' id='word_1_129' title='bbox 259 1656 291 1714; x_wconf 92' lang='lat' dir='ltr'><strong>in</strong></span> <span class='ocrx_word' id='word_1_130' title='bbox 305 1655 488 1714; x_wconf 91' lang='lat' dir='ltr'><strong>contrarium</strong></span> <span class='ocrx_word' id='word_1_131' title='bbox 501 1659 635 1730; x_wconf 85' lang='lat' dir='ltr'><strong>vertunt,</strong></span> <span class='ocrx_word' id='word_1_132' title='bbox 656 1658 686 1711; x_wconf 93' lang='lat' dir='ltr'><strong>et</strong></span> <span class='ocrx_word' id='word_1_133' title='bbox 704 1650 802 1728; x_wconf 86' lang='lat' dir='ltr'><strong>gliscit</strong></span> <span class='ocrx_word' id='word_1_134' title='bbox 820 1658 982 1730; x_wconf 89' lang='lat' dir='ltr'><strong>utrumque</strong></span> <span class='ocrx_word' id='word_1_135' title='bbox 1000 1656 1131 1731; x_wconf 89' lang='lat' dir='ltr'><strong>posteri·</strong></span> 
     </span>
     <span class='ocr_line' id='line_1_18' title="bbox 111 1739 1131 1822; baseline 0 -20"><span class='ocrx_word' id='word_1_136' title='bbox 111 1749 181 1803; x_wconf 88' lang='lat' dir='ltr'><strong>tate.</strong></span> <span class='ocrx_word' id='word_1_137' title='bbox 223 1749 254 1802; x_wconf 93' lang='lat' dir='ltr'><strong>at</strong></span> <span class='ocrx_word' id='word_1_138' title='bbox 277 1741 392 1802; x_wconf 85' lang='lat' dir='ltr'><strong>Drusus</strong></span> <span class='ocrx_word' id='word_1_139' title='bbox 416 1739 490 1800; x_wconf 86' lang='lat' dir='ltr'><strong>urbe</strong></span> <span class='ocrx_word' id='word_1_140' title='bbox 514 1757 653 1818; x_wconf 88' lang='lat' dir='ltr'><strong>egressus</strong></span> <span class='ocrx_word' id='word_1_141' title='bbox 677 1739 847 1816; x_wconf 86' lang='lat' dir='ltr'><strong>repetendis</strong></span> <span class='ocrx_word' id='word_1_142' title='bbox 875 1742 1030 1822; x_wconf 83' lang='lat' dir='ltr'><strong>auspiciis,</strong></span> <span class='ocrx_word' id='word_1_143' title='bbox 1057 1759 1131 1802; x_wconf 85' lang='lat' dir='ltr'><strong>mox</strong></span> 
     </span>
    </p>

    <p class='ocr_par' dir='ltr' id='par_1_6' title="bbox 71 1826 1130 2152">
     <span class='ocr_line' id='line_1_19' title="bbox 71 1826 1130 1907; baseline 0.005 -22"><span class='ocrx_word' id='word_1_144' title='bbox 71 1845 97 1885; x_wconf 81' lang='grc' dir='ltr'><strong>ιο</strong></span> <span class='ocrx_word' id='word_1_145' title='bbox 111 1847 202 1890; x_wconf 85' lang='lat' dir='ltr'><strong>ovans</strong></span> <span class='ocrx_word' id='word_1_146' title='bbox 220 1831 344 1889; x_wconf 89' lang='lat' dir='ltr'><strong>introiit.</strong></span> <span class='ocrx_word' id='word_1_147' title='bbox 371 1845 543 1907; x_wconf 87' lang='lat' dir='ltr'><strong>paucosque</strong></span> <span class='ocrx_word' id='word_1_148' title='bbox 560 1835 629 1906; x_wconf 90' lang='lat' dir='ltr'><strong>post</strong></span> <span class='ocrx_word' id='word_1_149' title='bbox 647 1826 711 1887; x_wconf 89' lang='lat' dir='ltr'><strong>dies</strong></span> <span class='ocrx_word' id='word_1_150' title='bbox 724 1826 862 1905; x_wconf 90' lang='lat' dir='ltr'><strong>Vipsania</strong></span> <span class='ocrx_word' id='word_1_151' title='bbox 880 1836 975 1889; x_wconf 90' lang='lat' dir='ltr'><strong>mater</strong></span> <span class='ocrx_word' id='word_1_152' title='bbox 993 1830 1060 1890; x_wconf 88' lang='lat' dir='ltr'><strong>eins</strong></span> <span class='ocrx_word' id='word_1_153' title='bbox 1080 1849 1130 1890; x_wconf 83' lang='lat' dir='ltr'><strong>ex-</strong></span> 
     </span>
     <span class='ocr_line' id='line_1_20' title="bbox 112 1913 1130 1995; baseline 0.003 -17"><span class='ocrx_word' id='word_1_154' title='bbox 112 1920 210 1995; x_wconf 87' lang='lat' dir='ltr'><strong>cessit,</strong></span> <span class='ocrx_word' id='word_1_155' title='bbox 225 1934 284 1976; x_wconf 91' lang='lat' dir='ltr'><strong>una</strong></span> <span class='ocrx_word' id='word_1_156' title='bbox 298 1919 430 1976; x_wconf 91' lang='lat' dir='ltr'><strong>omnium</strong></span> <span class='ocrx_word' id='word_1_157' title='bbox 440 1914 586 1994; x_wconf 79' lang='lat' dir='ltr'><strong>Agrippae</strong></span> <span class='ocrx_word' id='word_1_158' title='bbox 601 1913 763 1975; x_wconf 87' lang='lat' dir='ltr'><strong>liberorum</strong></span> <span class='ocrx_word' id='word_1_159' title='bbox 778 1917 844 1975; x_wconf 91' lang='lat' dir='ltr'><strong>miti</strong></span> <span class='ocrx_word' id='word_1_160' title='bbox 853 1914 951 1977; x_wconf 87' lang='lat' dir='ltr'><strong>obitu:</strong></span> <span class='ocrx_word' id='word_1_161' title='bbox 969 1934 1038 1977; x_wconf 92' lang='lat' dir='ltr'><strong>nam</strong></span> <span class='ocrx_word' id='word_1_162' title='bbox 1049 1926 1130 1980; x_wconf 87' lang='lat' dir='ltr'><strong>cete·</strong></span> 
     </span>
     <span class='ocr_line' id='line_1_21' title="bbox 111 2002 1130 2068; baseline 0.003 -3"><span class='ocrx_word' id='word_1_163' title='bbox 111 2021 161 2065; x_wconf 91' lang='lat' dir='ltr'><strong>ros</strong></span> <span class='ocrx_word' id='word_1_164' title='bbox 175 2004 364 2063; x_wconf 90' lang='lat' dir='ltr'><strong>manifestum</strong></span> <span class='ocrx_word' id='word_1_165' title='bbox 384 2003 464 2063; x_wconf 89' lang='lat' dir='ltr'><strong>ferro</strong></span> <span class='ocrx_word' id='word_1_166' title='bbox 483 2003 530 2063; x_wconf 84' lang='lat' dir='ltr'><strong>vel</strong></span> <span class='ocrx_word' id='word_1_167' title='bbox 549 2002 696 2064; x_wconf 89' lang='lat' dir='ltr'><strong>creditum</strong></span> <span class='ocrx_word' id='word_1_168' title='bbox 716 2008 762 2063; x_wconf 89' lang='lat' dir='ltr'><strong>est</strong></span> <span class='ocrx_word' id='word_1_169' title='bbox 779 2020 893 2066; x_wconf 89' lang='lat' dir='ltr'><strong>veneno</strong></span> <span class='ocrx_word' id='word_1_170' title='bbox 909 2012 970 2066; x_wconf 87' lang='lat' dir='ltr'><strong>aut</strong></span> <span class='ocrx_word' id='word_1_171' title='bbox 981 2005 1059 2067; x_wconf 86' lang='lat' dir='ltr'><strong>fama</strong></span> <span class='ocrx_word' id='word_1_172' title='bbox 1079 2025 1130 2068; x_wconf 82' lang='lat' dir='ltr'><strong>ex-</strong></span> 
     </span>
     <span class='ocr_line' id='line_1_22' title="bbox 110 2093 229 2152; baseline -0.017 0"><span class='ocrx_word' id='word_1_173' title='bbox 110 2093 229 2152; x_wconf 87' lang='lat' dir='ltr'><strong>tinctos.</strong></span> 
     </span>
    </p>

    <p class='ocr_par' dir='ltr' id='par_1_7' title="bbox 109 2176 1130 2528">
     <span class='ocr_line' id='line_1_23' title="bbox 176 2176 1130 2260; baseline 0.007 -22"><span class='ocrx_word' id='word_1_174' title='bbox 176 2176 229 2258; x_wconf 82' lang='grc'><strong>20.</strong></span> <span class='ocrx_word' id='word_1_175' title='bbox 250 2177 359 2239; x_wconf 87' lang='lat' dir='ltr'><strong>Eodem</strong></span> <span class='ocrx_word' id='word_1_176' title='bbox 374 2195 450 2239; x_wconf 92' lang='lat' dir='ltr'><strong>anno</strong></span> <span class='ocrx_word' id='word_1_177' title='bbox 465 2176 648 2257; x_wconf 76' lang='lat' dir='ltr'><strong>Tacfarinas,</strong></span> <span class='ocrx_word' id='word_1_178' title='bbox 663 2195 752 2257; x_wconf 89' lang='lat' dir='ltr'><strong>quem</strong></span> <span class='ocrx_word' id='word_1_179' title='bbox 764 2180 865 2258; x_wconf 86' lang='lat' dir='ltr'><strong>priore</strong></span> <span class='ocrx_word' id='word_1_180' title='bbox 880 2188 991 2242; x_wconf 88' lang='lat' dir='ltr'><strong>aestate</strong></span> <span class='ocrx_word' id='word_1_181' title='bbox 1005 2182 1130 2260; x_wconf 89' lang='lat' dir='ltr'><strong>pulsum</strong></span> 
     </span>
     <span class='ocr_line' id='line_1_24' title="bbox 110 2265 1130 2349; baseline 0.005 -21"><span class='ocrx_word' id='word_1_182' title='bbox 110 2287 127 2328; x_wconf 90' lang='lat' dir='ltr'><strong>a</strong></span> <span class='ocrx_word' id='word_1_183' title='bbox 141 2265 262 2328; x_wconf 85' lang='lat' dir='ltr'><strong>Camillo</strong></span> <span class='ocrx_word' id='word_1_184' title='bbox 276 2268 449 2346; x_wconf 87' lang='lat' dir='ltr'><strong>memoravi,</strong></span> <span class='ocrx_word' id='word_1_185' title='bbox 467 2265 579 2326; x_wconf 92' lang='lat' dir='ltr'><strong>bellum</strong></span> <span class='ocrx_word' id='word_1_186' title='bbox 592 2268 624 2326; x_wconf 90' lang='lat' dir='ltr'><strong>in</strong></span> <span class='ocrx_word' id='word_1_187' title='bbox 637 2265 736 2326; x_wconf 77' lang='lat' dir='ltr'><strong>Africa</strong></span> <span class='ocrx_word' id='word_1_188' title='bbox 750 2275 886 2349; x_wconf 84' lang='lat' dir='ltr'><strong>renovat,</strong></span> <span class='ocrx_word' id='word_1_189' title='bbox 900 2272 981 2348; x_wconf 84' lang='lat' dir='ltr'><strong>ragis</strong></span> <span class='ocrx_word' id='word_1_190' title='bbox 994 2274 1130 2349; x_wconf 91' lang='lat' dir='ltr'><strong>primum</strong></span> 
     </span>
     <span class='ocr_line' id='line_1_25' title="bbox 109 2353 1128 2435; baseline 0.006 -19"><span class='ocrx_word' id='word_1_191' title='bbox 109 2353 350 2435; x_wconf 90' lang='lat' dir='ltr'><strong>populationibus</strong></span> <span class='ocrx_word' id='word_1_192' title='bbox 369 2361 401 2415; x_wconf 90' lang='lat' dir='ltr'><strong>et</strong></span> <span class='ocrx_word' id='word_1_193' title='bbox 419 2353 457 2415; x_wconf 94' lang='lat' dir='ltr'><strong>ob</strong></span> <span class='ocrx_word' id='word_1_194' title='bbox 475 2355 682 2433; x_wconf 88' lang='lat' dir='ltr'><strong>pernicitatem</strong></span> <span class='ocrx_word' id='word_1_195' title='bbox 702 2354 817 2435; x_wconf 89' lang='lat' dir='ltr'><strong>inultis,</strong></span> <span class='ocrx_word' id='word_1_196' title='bbox 836 2356 906 2417; x_wconf 90' lang='lat' dir='ltr'><strong>dein</strong></span> <span class='ocrx_word' id='word_1_197' title='bbox 925 2359 1007 2419; x_wconf 85' lang='lat' dir='ltr'><strong>vicos</strong></span> <span class='ocrx_word' id='word_1_198' title='bbox 1025 2363 1128 2423; x_wconf 79' lang='lat' dir='ltr'><strong>excin-</strong></span> 
     </span>
     <span class='ocr_line' id='line_1_26' title="bbox 110 2442 1129 2528; baseline 0.005 -23"><span class='ocrx_word' id='word_1_199' title='bbox 110 2445 193 2524; x_wconf 89' lang='lat' dir='ltr'><strong>dere,</strong></span> <span class='ocrx_word' id='word_1_200' title='bbox 211 2443 331 2504; x_wconf 87' lang='lat' dir='ltr'><strong>trahere</strong></span> <span class='ocrx_word' id='word_1_201' title='bbox 349 2459 454 2522; x_wconf 85' lang='lat' dir='ltr'><strong>graves</strong></span> <span class='ocrx_word' id='word_1_202' title='bbox 471 2442 611 2522; x_wconf 83' lang='lat' dir='ltr'><strong>praedas3</strong></span> <span class='ocrx_word' id='word_1_203' title='bbox 631 2448 781 2520; x_wconf 83' lang='lat' dir='ltr'><strong>postremo</strong></span> <span class='ocrx_word' id='word_1_204' title='bbox 796 2442 875 2504; x_wconf 92' lang='lat' dir='ltr'><strong>baud</strong></span> <span class='ocrx_word' id='word_1_205' title='bbox 889 2446 995 2524; x_wconf 90' lang='lat' dir='ltr'><strong>procul</strong></span> <span class='ocrx_word' id='word_1_206' title='bbox 1008 2446 1129 2528; x_wconf 82' lang='lat' dir='ltr'><strong>Pagyda</strong></span> 
     </span>
    </p>

    <p class='ocr_par' dir='ltr' id='par_1_8' title="bbox 82 2529 1129 2970">
     <span class='ocr_line' id='line_1_27' title="bbox 82 2529 1128 2609; baseline 0.009 -20"><span class='ocrx_word' id='word_1_207' title='bbox 82 2533 231 2594; x_wconf 77' lang='lat' dir='ltr'><strong>cllumine</strong></span> <span class='ocrx_word' id='word_1_208' title='bbox 254 2531 408 2594; x_wconf 89' lang='lat' dir='ltr'><strong>cohortem</strong></span> <span class='ocrx_word' id='word_1_209' title='bbox 425 2529 586 2590; x_wconf 87' lang='lat' dir='ltr'><strong>Romanam</strong></span> <span class='ocrx_word' id='word_1_210' title='bbox 604 2529 806 2591; x_wconf 88' lang='lat' dir='ltr'><strong>circumsedit.</strong></span> <span class='ocrx_word' id='word_1_211' title='bbox 842 2543 980 2609; x_wconf 86' lang='lat' dir='ltr'><strong>praeerat</strong></span> <span class='ocrx_word' id='word_1_212' title='bbox 1002 2537 1128 2598; x_wconf 85' lang='lat' dir='ltr'><strong>castello</strong></span> 
     </span>
     <span class='ocr_line' id='line_1_28' title="bbox 109 2617 1128 2700; baseline 0.006 -19"><span class='ocrx_word' id='word_1_213' title='bbox 109 2622 234 2683; x_wconf 85' lang='lat' dir='ltr'><strong>Decrius</strong></span> <span class='ocrx_word' id='word_1_214' title='bbox 252 2623 379 2700; x_wconf 87' lang='lat' dir='ltr'><strong>impiger</strong></span> <span class='ocrx_word' id='word_1_215' title='bbox 396 2636 485 2680; x_wconf 93' lang='lat' dir='ltr'><strong>manu</strong></span> <span class='ocrx_word' id='word_1_216' title='bbox 488 2664 499 2699; x_wconf 93' lang='lat'><strong>,</strong></span> <span class='ocrx_word' id='word_1_217' title='bbox 518 2620 668 2679; x_wconf 83' lang='lat' dir='ltr'><strong>exercitus</strong></span> <span class='ocrx_word' id='word_1_218' title='bbox 681 2617 785 2678; x_wconf 90' lang='lat' dir='ltr'><strong>militia</strong></span> <span class='ocrx_word' id='word_1_219' title='bbox 800 2627 831 2679; x_wconf 91' lang='lat' dir='ltr'><strong>et</strong></span> <span class='ocrx_word' id='word_1_220' title='bbox 844 2620 923 2681; x_wconf 91' lang='lat' dir='ltr'><strong>illam</strong></span> <span class='ocrx_word' id='word_1_221' title='bbox 938 2622 1128 2687; x_wconf 89' lang='lat' dir='ltr'><strong>obsidionem</strong></span> 
     </span>
     <span class='ocr_line' id='line_1_29' title="bbox 108 2705 1127 2791; baseline 0.009 -24"><span class='ocrx_word' id='word_1_222' title='bbox 108 2708 212 2785; x_wconf 82' lang='lat' dir='ltr'><strong>flagitii</strong></span> <span class='ocrx_word' id='word_1_223' title='bbox 221 2716 314 2769; x_wconf 91' lang='lat' dir='ltr'><strong>ratus.</strong></span> <span class='ocrx_word' id='word_1_224' title='bbox 337 2711 364 2770; x_wconf 89' lang='lat' dir='ltr'><strong>is</strong></span> <span class='ocrx_word' id='word_1_225' title='bbox 378 2707 549 2770; x_wconf 87' lang='lat' dir='ltr'><strong>cohortatus</strong></span> <span class='ocrx_word' id='word_1_226' title='bbox 559 2705 669 2767; x_wconf 86' lang='lat' dir='ltr'><strong>milites</strong></span> <span class='ocrx_word' id='word_1_227' title='bbox 675 2714 710 2766; x_wconf 91' lang='lat' dir='ltr'><strong>ut</strong></span> <span class='ocrx_word' id='word_1_228' title='bbox 719 2707 833 2784; x_wconf 89' lang='lat' dir='ltr'><strong>copiam</strong></span> <span class='ocrx_word' id='word_1_229' title='bbox 847 2726 964 2787; x_wconf 84' lang='lat' dir='ltr'><strong>pugnae</strong></span> <span class='ocrx_word' id='word_1_230' title='bbox 976 2714 1009 2772; x_wconf 90' lang='lat' dir='ltr'><strong>in</strong></span> <span class='ocrx_word' id='word_1_231' title='bbox 1020 2723 1127 2791; x_wconf 84' lang='lat' dir='ltr'><strong>aperto</strong></span> 
     </span>
     <span class='ocr_line' id='line_1_30' title="bbox 108 2795 1128 2880; baseline 0.008 -25"><span class='ocrx_word' id='word_1_232' title='bbox 108 2796 249 2875; x_wconf 88' lang='lat' dir='ltr'><strong>facerent,</strong></span> <span class='ocrx_word' id='word_1_233' title='bbox 268 2797 362 2856; x_wconf 89' lang='lat' dir='ltr'><strong>aciem</strong></span> <span class='ocrx_word' id='word_1_234' title='bbox 376 2814 430 2874; x_wconf 91' lang='lat' dir='ltr'><strong>pro</strong></span> <span class='ocrx_word' id='word_1_235' title='bbox 450 2796 556 2856; x_wconf 90' lang='lat' dir='ltr'><strong>castris</strong></span> <span class='ocrx_word' id='word_1_236' title='bbox 574 2795 704 2855; x_wconf 85' lang='lat' dir='ltr'><strong>instruit.</strong></span> <span class='ocrx_word' id='word_1_237' title='bbox 731 2796 887 2874; x_wconf 87' lang='lat' dir='ltr'><strong>prim0que</strong></span> <span class='ocrx_word' id='word_1_238' title='bbox 905 2799 1022 2876; x_wconf 90' lang='lat' dir='ltr'><strong>impetu</strong></span> <span class='ocrx_word' id='word_1_239' title='bbox 1039 2801 1128 2880; x_wconf 89' lang='lat' dir='ltr'><strong>pulsa</strong></span> 
     </span>
     <span class='ocr_line' id='line_1_31' title="bbox 108 2880 1129 2970; baseline 0.009 -26"><span class='ocrx_word' id='word_1_240' title='bbox 108 2882 230 2944; x_wconf 89' lang='lat' dir='ltr'><strong>cohorte</strong></span> <span class='ocrx_word' id='word_1_241' title='bbox 253 2892 409 2961; x_wconf 88' lang='lat' dir='ltr'><strong>promptus</strong></span> <span class='ocrx_word' id='word_1_242' title='bbox 432 2885 511 2943; x_wconf 88' lang='lat' dir='ltr'><strong>inter</strong></span> <span class='ocrx_word' id='word_1_243' title='bbox 533 2880 591 2942; x_wconf 86' lang='lat' dir='ltr'><strong>tela</strong></span> <span class='ocrx_word' id='word_1_244' title='bbox 614 2888 752 2941; x_wconf 87' lang='lat' dir='ltr'><strong>occursat</strong></span> <span class='ocrx_word' id='word_1_245' title='bbox 773 2882 966 2965; x_wconf 66' lang='lat' dir='ltr'><strong>fugientibus,</strong></span> <span class='ocrx_word' id='word_1_246' title='bbox 988 2889 1129 2970; x_wconf 89' lang='lat' dir='ltr'><strong>increpat</strong></span> 
     </span>
    </p>

    <p class='ocr_par' dir='ltr' id='par_1_9' title="bbox 70 2967 1128 3315">
     <span class='ocr_line' id='line_1_32' title="bbox 70 2967 1127 3049; baseline 0.014 -24"><span class='ocrx_word' id='word_1_247' title='bbox 70 2987 95 3026; x_wconf 93' lang='lat' dir='ltr'><strong>1o</strong></span> <span class='ocrx_word' id='word_1_248' title='bbox 109 2970 275 3049; x_wconf 86' lang='lat' dir='ltr'><strong>signiferos,</strong></span> <span class='ocrx_word' id='word_1_249' title='bbox 298 2969 378 3047; x_wconf 89' lang='lat' dir='ltr'><strong>quod</strong></span> <span class='ocrx_word' id='word_1_250' title='bbox 400 2969 560 3031; x_wconf 91' lang='lat' dir='ltr'><strong>inconditis</strong></span> <span class='ocrx_word' id='word_1_251' title='bbox 574 2975 626 3028; x_wconf 91' lang='lat' dir='ltr'><strong>aut</strong></span> <span class='ocrx_word' id='word_1_252' title='bbox 644 2967 850 3030; x_wconf 87' lang='lat' dir='ltr'><strong>desertoribus</strong></span> <span class='ocrx_word' id='word_1_253' title='bbox 867 2971 953 3033; x_wconf 86' lang='lat' dir='ltr'><strong>miles</strong></span> <span class='ocrx_word' id='word_1_254' title='bbox 972 2973 1127 3039; x_wconf 87' lang='lat' dir='ltr'><strong>Romanus</strong></span> 
     </span>
     <span class='ocr_line' id='line_1_33' title="bbox 108 3054 1127 3138; baseline -0.001 -18"><span class='ocrx_word' id='word_1_255' title='bbox 108 3067 192 3138; x_wconf 86' lang='lat' dir='ltr'><strong>terga</strong></span> <span class='ocrx_word' id='word_1_256' title='bbox 210 3057 307 3135; x_wconf 82' lang='lat' dir='ltr'><strong>daret3</strong></span> <span class='ocrx_word' id='word_1_257' title='bbox 325 3055 414 3116; x_wconf 91' lang='lat' dir='ltr'><strong>simul</strong></span> <span class='ocrx_word' id='word_1_258' title='bbox 436 3062 558 3133; x_wconf 79' lang='lat' dir='ltr'><strong>excepta</strong></span> <span class='ocrx_word' id='word_1_259' title='bbox 576 3054 699 3114; x_wconf 85' lang='lat' dir='ltr'><strong>vulnera</strong></span> <span class='ocrx_word' id='word_1_260' title='bbox 717 3063 748 3115; x_wconf 85' lang='lat' dir='ltr'><strong>et</strong></span> <span class='ocrx_word' id='word_1_261' title='bbox 766 3074 945 3137; x_wconf 88' lang='lat' dir='ltr'><strong>quamquam</strong></span> <span class='ocrx_word' id='word_1_262' title='bbox 958 3065 1127 3128; x_wconf 80' lang='lat' dir='ltr'><strong>transfosso</strong></span> 
     </span>
     <span class='ocr_line' id='line_1_34' title="bbox 110 3142 1128 3225; baseline 0.007 -16"><span class='ocrx_word' id='word_1_263' title='bbox 110 3146 195 3209; x_wconf 90' lang='lat' dir='ltr'><strong>oculo</strong></span> <span class='ocrx_word' id='word_1_264' title='bbox 209 3144 365 3206; x_wconf 88' lang='lat' dir='ltr'><strong>adversum</strong></span> <span class='ocrx_word' id='word_1_265' title='bbox 380 3159 413 3202; x_wconf 92' lang='lat' dir='ltr'><strong>os</strong></span> <span class='ocrx_word' id='word_1_266' title='bbox 427 3144 458 3202; x_wconf 89' lang='lat' dir='ltr'><strong>in</strong></span> <span class='ocrx_word' id='word_1_267' title='bbox 472 3142 590 3201; x_wconf 87' lang='lat' dir='ltr'><strong>hostem</strong></span> <span class='ocrx_word' id='word_1_268' title='bbox 608 3142 748 3222; x_wconf 87' lang='lat' dir='ltr'><strong>intendit,</strong></span> <span class='ocrx_word' id='word_1_269' title='bbox 768 3161 866 3223; x_wconf 87' lang='lat' dir='ltr'><strong>neque</strong></span> <span class='ocrx_word' id='word_1_270' title='bbox 883 3148 1033 3225; x_wconf 91' lang='lat' dir='ltr'><strong>proelium</strong></span> <span class='ocrx_word' id='word_1_271' title='bbox 1052 3157 1128 3215; x_wconf 89' lang='lat' dir='ltr'><strong>omi-</strong></span> 
     </span>
     <span class='ocr_line' id='line_1_35' title="bbox 109 3226 640 3315; baseline -0.017 -19"><span class='ocrx_word' id='word_1_272' title='bbox 109 3238 161 3315; x_wconf 90' lang='lat' dir='ltr'><strong>sit,</strong></span> <span class='ocrx_word' id='word_1_273' title='bbox 177 3234 270 3295; x_wconf 89' lang='lat' dir='ltr'><strong>donec</strong></span> <span class='ocrx_word' id='word_1_274' title='bbox 284 3231 421 3291; x_wconf 84' lang='lat' dir='ltr'><strong>desertus</strong></span> <span class='ocrx_word' id='word_1_275' title='bbox 436 3230 498 3288; x_wconf 92' lang='lat' dir='ltr'><strong>suis</strong></span> <span class='ocrx_word' id='word_1_276' title='bbox 512 3226 640 3288; x_wconf 87' lang='lat' dir='ltr'><strong>caderet.</strong></span> 
     </span>
    </p>
   </div>
   <div class='ocr_carea' id='block_1_3' title="bbox 50 3343 1129 3588">
    <p class='ocr_par' dir='ltr' id='par_1_10' title="bbox 50 3343 1129 3588">
     <span class='ocr_line' id='line_1_36' title="bbox 179 3343 1128 3447; baseline 0.012 -27"><span class='ocrx_word' id='word_1_277' title='bbox 179 3368 261 3435; x_wconf 71' lang='lat' dir='ltr'><strong>rae</strong></span> <span class='ocrx_word' id='word_1_278' title='bbox 288 3365 318 3447; x_wconf 70' lang='lat' dir='ltr'><strong>in</strong></span> <span class='ocrx_word' id='word_1_279' title='bbox 345 3362 445 3419; x_wconf 68' lang='lat' dir='ltr'><strong>mutet</strong></span> <span class='ocrx_word' id='word_1_280' title='bbox 469 3360 604 3426; x_wconf 63' lang='lat' dir='ltr'><strong>(escaus</strong></span> <span class='ocrx_word' id='word_1_281' title='bbox 627 3366 667 3416; x_wconf 71' lang='lat' dir='ltr'><strong>aa</strong></span> <span class='ocrx_word' id='word_1_282' title='bbox 684 3362 759 3442; x_wconf 71' lang='lat' dir='ltr'><strong>toan</strong></span> <span class='ocrx_word' id='word_1_283' title='bbox 777 3367 821 3427; x_wconf 75' lang='lat' dir='ltr'><strong>aa,</strong></span> <span class='ocrx_word' id='word_1_284' title='bbox 839 3367 865 3446; x_wconf 59' lang='lat' dir='ltr'><strong>a</strong></span> <span class='ocrx_word' id='word_1_285' title='bbox 884 3343 963 3438; x_wconf 65' lang='lat' dir='ltr'><strong>aeft</strong></span> <span class='ocrx_word' id='word_1_286' title='bbox 989 3373 1128 3432; x_wconf 71' lang='lat' dir='ltr'><strong>ronuta</strong></span> 
     </span>
     <span class='ocr_line' id='line_1_37' title="bbox 50 3431 1129 3588; baseline 0.009 -25"><span class='ocrx_word' id='word_1_287' title='bbox 50 3485 56 3490; x_wconf 82' lang='grc'>’</span> <span class='ocrx_word' id='word_1_288' title='bbox 108 3435 447 3574; x_wconf 55' lang='grc' dir='ltr'><strong>ῗῗέἒὲἓέἓῗέῗίῡὲἓῗῖἳ</strong></span> <span class='ocrx_word' id='word_1_289' title='bbox 459 3431 1129 3588; x_wconf 50' lang='lat' dir='ltr'><strong>dllllebdffdiuli&#39;l‘fflssbda&#39;bt}</strong></span> 
     </span>
    </p>
   </div>
   <div class='ocr_carea' id='block_1_4' title="bbox 0 0 1200 3876">
    <p class='ocr_par' dir='ltr' id='par_1_11' title="bbox 0 0 1200 3876">
     <span class='ocr_line' id='line_1_38' title="bbox 0 0 1200 3876; baseline 0 2"><span class='ocrx_word' id='word_1_290' title='bbox 0 0 1200 3876; x_wconf 95' lang='lat' dir='ltr'><strong> </strong></span> 
     </span>
    </p>
   </div>
  </div>
 </body>
</html>
