2392 3876
266 195 496 253 1111011111]
514 187 670 252 AUGUSTI
687 194 759 252 xm.
779 203 892 253 42—45.
1015 197 1080 261 275

138 343 189 409 44.
212 347 270 408 Per
291 346 370 408 idem
393 353 510 425 tempus
530 344 669 408 Octavius
688 344 800 424 Sagitta
819 338 915 424 plebei
933 345 1080 428 tribunus,

72 435 192 496 Pontiae
215 435 348 497 mulieris
371 442 479 513 nuptae
508 451 608 496 amore
636 451 770 513 vaecors,
796 433 968 511 ingentibus
996 434 1081 494 donis

73 523 248 585 adulterium
263 531 292 584 et
306 541 387 604 mox,
406 531 440 585 nt
458 525 608 584 omitteret
622 525 774 603 maritum,
794 529 974 602 emereatur,
995 521 1081 583 suuin

72 615 291 673 matrimonium
300 614 477 690 promittens
492 630 525 672 ac
540 613 658 691 nuptias
669 612 733 672 eius
747 617 859 690 pactus.
885 609 938 671 sed
952 609 1004 670 ubi
1018 628 1082 685 mu·

72 700 127 761 lier
144 719 235 769 vacua
254 701 322 780 luit,
345 707 466 762 nectere
483 718 596 781 moraS,
619 699 771 762 adversam
790 699 884 779 patris
903 697 1108 759 voluntateme

72 792 187 851 causari
212 796 390 868 repertaque
416 807 468 868 spe
494 788 610 849 ditioris
638 790 772 867 coniugis
795 789 941 868 promissa
964 804 1100 848 exuere·

72 877 211 939 Octavius
225 885 329 937 contra
343 876 430 937 modo
449 879 604 957 conqueri,
623 878 710 938 modo
728 879 871 956 minitari,
890 877 997 936 lamam
1016 894 1081 955 per-

72 967 174 1044 ditam,
207 967 364 1043 pecuniam
396 964 568 1026 exhaustam
596 964 760 1046 obtestans,
792 965 921 1044 denique
949 964 1082 1046 salutem,

73 1071 147 1133 quae
171 1052 232 1113 sola
255 1052 370 1131 reliqua
393 1060 484 1133 esset,
507 1052 629 1114 arbitrio
649 1056 713 1114 eius
731 1056 914 1132 permittens.
951 1072 985 1115 ac
1002 1061 1082 1133 post·

74 1159 160 1221 quarn
184 1138 392 1221 spernebatur,
416 1149 533 1202 noctem
556 1160 645 1202 unam
668 1142 703 1201 ad
728 1141 869 1203 solacium
891 1145 1000 1222 poscit,
1025 1159 1123 1222 quaro

73 1231 219 1291 delenitus
238 1229 359 1290 modum
372 1232 408 1292 in
427 1237 579 1309 posterum
599 1229 760 1292 adhiberet.
798 1234 939 1292 statuitur
958 1250 1028 1313 nox,
1053 1239 1083 1293 et

72 1318 176 1380 Pontia
190 1320 326 1380 consciae
340 1317 462 1379 ancillae
477 1319 639 1380 custodiam
655 1317 784 1380 cubiculi
798 1319 924 1380 mandat.
960 1319 1008 1380 ille
1023 1338 1082 1380 uno

74 1426 141 1468 cum
155 1407 261 1467 liberto
276 1408 389 1467 serrum
404 1414 485 1467 resto
500 1407 649 1468 occuitum
662 1407 761 1468 iniert.
788 1415 864 1481 tum,
879 1415 913 1468 ut
927 1407 1038 1468 adsolet
1052 1411 1082 1468 in

73 1513 173 1557 amore
193 1503 222 1554 et
240 1497 296 1573 ira,
320 1496 414 1573 iurgia
433 1513 551 1576 preces,
574 1495 762 1575 exprobratio
787 1496 947 1556 satisfactio
966 1503 995 1556 et
1014 1514 1083 1574 pars

74 1582 264 1645 tenebrarum
277 1581 393 1643 libidini
407 1586 549 1663 seposita,
564 1602 600 1644 ox
615 1602 672 1663 qua
687 1586 771 1663 qnasi
784 1586 926 1645 incensus
940 1583 1012 1644 nibil
1024 1603 1081 1645 me·
1098 1602 1122 1642 15

73 1663 207 1733 tuinlem
224 1671 303 1731 lcrro
319 1671 539 1732 transverberat
554 1679 584 1732 et
600 1679 804 1733 accurrentem
816 1672 950 1734 ancillam
962 1672 1084 1734 uulnere

74 1760 221 1820 absterret
239 1758 434 1839 cubiculoque
448 1763 624 1839 prorumpit.
652 1768 771 1839 postera
786 1761 834 1820 die
849 1760 1005 1821 manifesta
1018 1780 1083 1822 cae·

75 1849 138 1929 des,
157 1847 234 1908 haud
254 1846 409 1925 ambiguus
427 1866 599 1930 percussor;
618 1851 727 1928 quippe
747 1851 921 1910 mansitasse
936 1868 995 1910 una
1014 1868 1083 1910 con·

73 1935 259 2017 vincebatur,
279 1936 331 1996 scd
349 1934 473 1997 libertus
493 1954 580 1998 suum
598 1937 670 1997 illud
690 1939 803 1998 lacinus
817 1939 963 2019 profiteri,
983 1956 1015 1999 se
1032 1956 1083 2017 pa·

73 2028 152 2086 troni
170 2027 293 2086 iniurias
311 2024 406 2084 ultum
425 2027 493 2086 isse.
531 2033 790 2106 commoveratque
809 2027 952 2105 quosdam
971 2030 1082 2106 magni·
1097 2044 1124 2084 ro

74 2115 175 2175 tudine
194 2112 338 2198 exempli,
353 2113 446 2174 donec
466 2112 569 2174 ancilla
587 2133 621 2174 ex
637 2114 759 2175 vulnere
773 2114 885 2177 relecta
899 2133 1002 2176 verum
1016 2135 1083 2196 ape·

73 2205 141 2263 ruit.
169 2201 394 2281 postulatusque
409 2202 486 2280 apud
508 2203 644 2264 consules
663 2222 679 2262 a
696 2211 781 2281 patre
800 2205 985 2285 interiectae,
1005 2213 1083 2283 post·

74 2309 161 2371 qnam
180 2289 332 2351 tribunatu
352 2289 477 2372 abierat,
496 2293 642 2352 sententia
661 2299 779 2369 patrum
794 2300 823 2353 et
837 2293 901 2372 lege
917 2293 953 2352 de
968 2296 1083 2354 sicariis

72 2380 295 2441 condemnatur.
808 2407 811 2412 ·

138 2464 190 2529 45.
213 2467 278 2527 Non
297 2468 395 2526 minus
413 2469 537 2550 insignis
557 2484 592 2526 co
611 2485 687 2526 anno
711 2468 885 2545 inpudicitia
907 2487 1082 2546 magnorum

73 2559 118 2616 rei
135 2555 270 2633 publicae
288 2553 433 2615 malorum
451 2557 568 2615 initium
591 2555 669 2615 lecit.
706 2563 769 2616 erat
787 2558 818 2616 in
838 2558 955 2616 civitate
975 2556 1082 2617 Sabina

74 2645 217 2723 Poppaea,
227 2641 259 2702 Τ.
268 2642 343 2703 Ollio
353 2651 437 2722 patre
447 2645 554 2722 genita,
569 2643 619 2702 sed
635 2660 742 2703 nomen
758 2646 803 2703 avi
813 2647 939 2704 materni
948 2662 1080 2724 sumpse-

73 2740 127 2812 rat,
142 2731 260 2791 inlustri
274 2734 416 2792 memoria
430 2731 559 2810 Poppaei
574 2729 688 2811 Sabini,
704 2731 852 2792 consulari
867 2740 897 2792 et
911 2734 1082 2812 triumphali

73 2820 180 2882 decore
194 2820 419 2901 praefulgentis3
433 2837 500 2880 nam
509 2819 618 2881 Ollium
632 2819 794 2880 bonoribus
805 2821 935 2881 nondum
946 2823 1080 2884 functum
1095 2839 1107 2879 5

72 2911 199 2971 amicitia
210 2908 309 2970 Seiani
320 2911 472 2988 pervertit.
496 2908 566 2970 huic
581 2908 697 2968 mulieri
712 2916 818 2970 cuncta
833 2909 888 2970 alia
904 2910 985 2972 luere
996 2929 1079 2990 prae-

71 3008 118 3060 ter
136 2997 294 3058 honestum
313 2999 449 3058 animum.
487 3001 596 3076 quippe
615 3005 709 3057 mater
728 3000 805 3079 eius,
824 3002 929 3059 aetatis
948 3018 1018 3060 suae
1041 3001 1055 3058 l
1071 3033 1080 3042 ·

71 3090 165 3148 minas
184 3085 405 3164 pulchritudine
425 3103 628 3166 supergressa,
648 3085 770 3164 gloriam
785 3090 897 3166 pariter
912 3096 941 3147 et
956 3088 1079 3147 lormam

71 3176 205 3255 dederat3
229 3192 300 3252 opes
320 3173 487 3235 claritudini
505 3177 623 3252 generis
642 3175 835 3235 sufficiebant.
870 3193 967 3235 sermo
987 3177 1079 3236 comis

141 3327 188 3394 44,
209 3334 239 3382 11
259 3326 290 3380 in
308 3328 500 3396 postremum!
518 3332 550 3380 15
568 3324 695 3395 libidine,
717 3343 764 3382 em.
785 3327 956 3396 1111111111
973 3343 1007 3382 ex
1025 3345 1080 3396 qua

71 3398 152 3465 quasi
170 3399 299 3453 incensus
317 3414 378 3453 noa:
398 3398 427 3451 11
442 3396 563 3465 1111111111
578 3413 675 3452 census
692 3400 737 3468 (111
752 3414 807 3466 qua
820 3396 950 3452 incensus
965 3399 1078 3468 Beltlrer,

71 3471 100 3523 et
122 3468 202 3537 quasi
224 3468 278 3524 inc.
306 3469 366 3524 Jac.
392 3467 556 3539 Gronovius)
572 3471 577 3537 Ι
593 3474 627 3523 20
649 3468 704 3523 isse
732 3469 871 3538 Wd'lfflio:
901 3469 1042 3539 1111145,
1062 3478 1079 3525 4

70 3539 225 3595 consularis
245 3542 273 3595 11
290 3538 477 3610 triumphalis,
498 3555 543 3594 11,
567 3540 735 3595 Puteolanus

814 3631 865 3685 18*
