2392 3876
300 193 348 247 an
367 191 530 248 excussu
546 190 707 248 aconem
724 192 758 249 v.
779 198 855 248 1-4.
899 265 902 271 ,
1018 194 1082 259 165

139 339 169 405 3.
188 340 326 404 Ceterum
344 348 433 402 en'eo
452 348 615 420 praerupta
631 343 690 402 iam
708 349 739 402 et
756 358 888 420 urguens
906 341 1081 404 dominatio:

72 449 141 494 nam
159 430 300 492 incolumi
317 429 453 509 Augusta.
467 437 531 492 erat
550 429 647 491 adbuc
668 430 851 511 perfugium,
874 431 943 509 qnia
962 428 1080 491 Tiberio

72 523 268 582 inveteratum
286 536 357 597 erga
373 526 499 580 matrem
517 518 706 599 obseouium,
729 536 827 597 noque
846 518 971 579 Seianas
993 519 1081 580 ande·

72 607 123 670 bat
136 609 307 671 auctoritati
318 609 450 686 parentis
465 609 574 670 antire:
588 614 660 668 tunc
673 605 754 668 uelut
767 607 863 668 irenis
873 606 1000 668 exsoluti
1013 625 1080 686 pro·

72 705 227 778 ruperunt,
240 698 406 776 missaeque
416 698 447 756 in
457 697 648 775 Agrippinam
662 714 697 756 ac
705 695 856 756 Neronem
867 695 992 776 litterae,
1008 714 1081 774 quas
1108 713 1121 754 e

72 786 188 864 pridem
202 784 313 846 adlatas
327 792 358 846 et
371 783 521 846 cohibitas
530 783 567 845 ab
582 784 714 863 augusta
728 783 855 845 credidit
868 783 987 863 vulgus:
1001 783 1080 844 haud

72 876 153 937 cuim
170 873 264 934 multo
281 880 350 952 post
367 880 494 934 mortem
513 875 577 935 eius
596 874 736 935 recitatae
755 880 833 935 sunt.
861 872 952 933 verba
965 874 1083 933 inerant

73 962 206 1041 quaesita
224 963 396 1040 asperitate:
415 961 468 1023 sed
482 978 541 1022 non
555 974 652 1043 arma,
667 979 730 1023 non
746 979 852 1023 rerum:
861 971 1005 1022 novarum
1019 968 1080 1022 stu-

72 1050 168 1130 dium,
188 1067 303 1111 amores
316 1051 458 1111 iuuenum
470 1050 719 1128 etinpudieitiam
732 1052 837 1129 nepoti
848 1049 1022 1110 obieetabnt.
1050 1051 1082 1109 in

72 1156 184 1200 narum
201 1156 239 1202 ne
257 1138 293 1199 id,
306 1137 426 1218 quidem
444 1138 612 1217 contingere
631 1155 734 1218 ausus,
752 1138 953 1217 adrogantiam
972 1140 1036 1198 oris
1051 1145 1082 1198 et
1097 1159 1122 1199 ιο

73 1234 283 1288 contumacem
292 1229 423 1288 animum
442 1228 601 1307 inornavit,
618 1243 726 1305 magno
739 1234 859 1288 serratus
873 1241 981 1306 pavore
995 1244 1029 1287 ac
1044 1228 1081 1286 si·

73 1315 177 1395 lentio,
196 1316 290 1376 donec
308 1317 408 1396 pauci,
432 1317 498 1394 quis
517 1314 597 1376 nulla
616 1333 652 1375 ex
670 1314 794 1375 honesto
814 1332 882 1394 spes
901 1308 953 1398 (et
964 1313 1082 1393 publica

74 1403 150 1462 mala
165 1403 289 1481 siugulis
302 1406 333 1463 in
349 1405 535 1464 occasionem
548 1405 659 1482 gratiae
673 1395 856 1485 trabuntur),
871 1411 905 1462 ut
919 1401 1082 1463 referretur

74 1489 274 1571 postulavere,
297 1492 519 1570 promptissimo
538 1489 623 1552 Cotta
640 1489 797 1550 Messalino
818 1506 892 1550 oum
906 1491 999 1550 atroci
1018 1507 1083 1549 sen-

73 1580 176 1639 tentia.
213 1579 269 1639 sed¹
288 1577 353 1638 aliis
376 1594 397 1638 a
415 1577 596 1658 primoribus
614 1573 840 1657 maximequea
862 1576 1083 1656 magistratibus
1098 1598 1123 1639 ιι

73 1666 291 1746 trepidabatur:
317 1668 426 1746 quippe
450 1665 593 1728 Tiberius·
611 1668 668 1728 etsi
689 1666 808 1727 infense
827 1667 962 1726 irwectus
985 1672 1084 1726 cetera

73 1755 210 1835 ambigua
224 1754 393 1835 reliquerat.

140 1841 170 1904 4.
190 1843 260 1905 Fuit
276 1845 307 1904 in
327 1851 432 1904 senatu
450 1842 553 1904 lunius
572 1843 726 1924 Rusticus,
745 1843 948 1923 conponendis
965 1850 1084 1921 patrum

73 1935 147 1994 actis
166 1932 300 1993 delectus
318 1951 334 1993 a
354 1931 492 2014 Caesare,
516 1949 610 2011 eoque
634 1932 849 1993 meditationes
861 1934 926 1992 eius
944 1933 1084 2010 introspi-

73 2039 142 2082 cere
161 2021 301 2082 oreditus.
332 2022 359 2081 is
378 2018 457 2081 iatali
476 2021 603 2099 quodam
621 2029 704 2081 motu
719 2015 830 2102 (neque
845 2022 923 2081 enim
937 2028 1004 2080 ante
1020 2019 1084 2099 spe·
1112 2059 1116 2068 -

73 2112 172 2170 eimau
190 2111 372 2170 constantiae
391 2102 527 2192 dederat)
547 2126 601 2170 seu
619 2126 709 2188 prava
728 2108 871 2189 sollertia,
895 2109 966 2170 dum
989 2109 1084 2169 immi·

73 2199 210 2259 nentium
228 2197 338 2258 oblitus
356 2199 469 2259 ineerta
487 2204 586 2277 pavet,
609 2199 742 2259 inserere
767 2216 798 2257 se
822 2196 1026 2259 dubitantibus
1050 2215 1083 2256 ac
1110 2215 1124 2256 o

73 2304 196 2346 monere
220 2285 370 2366 consules,
393 2304 430 2346 ne
453 2285 626 2347 relationem
649 2287 832 2368 inciperent;
859 2283 1084 2364 disserebatque

73 2372 216 2436 brevibus
225 2376 382 2435 momentis
391 2391 506 2435 summa
516 2376 604 2434 verti:
614 2392 702 2452 posse
713 2374 891 2454 quandoque
901 2377 1005 2435 domus
1014 2373 1084 2433 Ger·

74 2464 184 2523 manici
198 2464 320 2524 exitium
334 2464 531 2541 paenitentiae
546 2479 609 2524 esse
624 2465 696 2522 seni.
729 2461 816 2523 simul
830 2461 957 2541 populus
972 2461 1085 2538 efligies

74 2551 254 2630 Agrippinae
268 2568 301 2611 ac
316 2550 442 2611 Neronis
457 2567 563 2629 gerens
578 2550 770 2612 circumsistit
789 2552 903 2611 curiam
920 2549 1086 2626 faustisque

74 2641 107 2699 iu
117 2638 272 2699 Caesarem
286 2638 435 2699 ominibus
449 2638 536 2698 salsas
546 2637 660 2699 litteras
671 2647 700 2699 et
709 2640 845 2717 principe
860 2638 951 2697 invito
962 2637 1086 2696 exitium
1100 2653 1127 2693 ro

75 2726 178 2787 domui
192 2727 256 2786 eius
269 2727 385 2788 intendi
399 2726 536 2788 clamitat.
559 2727 601 2786 ita
615 2724 687 2786 nibil
702 2728 787 2788 triste
802 2725 852 2785 illo
867 2724 914 2786 die
928 2731 1085 2804 patratum.

75 2812 247 2875 ferebantur
257 2818 345 2877 etiam
355 2814 411 2876 sub
421 2812 591 2877 nominibus
602 2813 802 2876 consularium
812 2813 898 2874 lictae
907 2815 938 2874 iu
948 2812 1087 2874 Seianum

74 2905 253 2985 sententiae,
280 2903 488 2965 exercentibus
510 2900 660 2982 plerisque
686 2921 740 2982 per
766 2901 914 2964 occultum
939 2909 1027 2982 atque
1051 2920 1087 2962 eo

72 2993 231 3072 procacius
254 2991 408 3053 libidinem
426 2993 622 3071 ingeniorum.
660 2991 739 3053 unde
758 2990 802 3052 illi
820 2993 864 3052 ira
882 2989 1038 3052 violentior
1057 2997 1088 3049 et

145 3179 173 3247 8,
187 3185 204 3235 6
218 3180 259 3234 et:
279 3179 328 3234 ead
342 3179 488 3236 Adriatico
504 3182 508 3248 1
526 3178 644 3234 'tmnlto
658 3179 804 3235 Henetus:
824 3178 954 3245 multum,
973 3178 1008 3245 ef.
1018 3178 1087 3246 Ape.

73 3256 110 3306 18
120 3255 145 3306 et
154 3251 192 3306 od
202 3255 275 3317 12,4
291 3254 295 3320 Ι
312 3256 347 3305 to
360 3249 536 3319 confringere
552 3253 557 3320 1
574 3251 625 3317 dat
640 3248 842 3318 meditationis,
857 3266 904 3305 em.
915 3248 1086 3320 Rhenanus}

73 3318 270 3377 tGermanici
293 3319 409 3375 exitium
433 3320 562 3390 Rcopertt':
589 3320 756 3390 germanicis
782 3319 890 3385 titium3
918 3335 969 3373 nos
987 3318 1086 3372 domus

71 3392 233 3448 addidimus
248 3392 252 3463 Ι
269 3397 285 3447 8
300 3406 360 3446 esne
379 3389 440 3446 seni
457 3391 592 3460 Wattber:
611 3390 686 3446 senis
701 3397 739 3462 (p.
753 3408 780 3458 q.
794 3387 955 3445 Germanici
969 3388 1090 3459 stirpem,

70 3477 233 3533 resurgere;
258 3461 359 3517 darent
382 3462 504 3533 spatium
521 3460 713 3542 poenitentiae
732 3460 806 3517 senis
825 3460 952 3530 Macco)
969 3465 973 3524 l
990 3466 1006 3515 9
1024 3459 1087 3514 fau-

72 3533 182 3603 sbieque
200 3532 339 3591 Muretus:
358 3531 494 3601 festisque
514 3530 690 3602 (infestisque
710 3532 802 3602 Kritz)
820 3536 824 3602 Ι
842 3538 874 3587 10
895 3529 1025 3586 omnibus
1113 3577 1117 3586 .
