2392 3876
264 193 313 246 AB
331 191 492 248 Excusso
510 188 664 245 AUGUSTI
682 189 739 242 XV.
761 195 872 243 'll—74.
1012 186 1078 251 355

72 347 135 405 loro
153 344 297 421 imagines
315 340 393 420 apud
407 338 551 401 Palatium
570 348 688 416 quoque
709 337 821 414 efligies
836 353 938 397 eorum
953 338 1080 397 sisteret.
1113 345 1117 351 '

71 431 237 493 consularia
255 430 381 508 insignia
399 425 589 506 Nymphidio,
608 429 662 500 qni
680 427 748 503 quia
762 443 841 484 nuuc
859 425 989 502 primum
1003 423 1080 484 obla·
1157 495 1160 500 ¹

72 531 120 581 tus
138 528 196 599 est,
219 536 312 598 pauca
330 523 477 593 repetam:
500 531 567 587 uam
586 514 698 590 etipse
717 530 786 590 pars
804 506 1003 572 Romanarum
1024 511 1122 572 cla-10

71 610 152 669 dium
162 609 227 667 erit.
251 607 341 682 igitur
355 610 449 663 matre
465 601 602 662 libertina
617 608 710 680 ortus,
725 619 800 680 quae
815 618 924 680 corpus
939 600 1080 661 decorum

72 701 149 757 inter
163 711 263 756 servos
283 691 464 769 libertosque
484 691 653 768 principum
671 689 853 768 vulgaverat,
875 707 918 749 ex·
926 687 997 748 Gaio
1012 688 1079 751 Cae-

71 803 136 845 sare
151 800 183 843 se
197 782 330 860 genitum
349 778 476 855 ferebat,
496 780 634 856 quoniam
654 778 729 839 sorte
749 777 874 858 quadam
892 775 996 837 habitu
1014 795 1080 855 pro-

70 889 158 934 cerus
172 877 202 929 et
217 878 300 929 torvo
314 865 398 927 vultu
412 872 489 943 erat,
508 867 570 926 sive
584 865 673 926 Gaius
688 865 807 946 Caesar,
828 873 994 926 scortorum
1010 884 1080 945 quo-

72 977 128 1038 quc
144 958 278 1035 cupienS,
293 955 382 1015 etiam
395 955 484 1014 matri
498 955 562 1014 eius
577 954 761 1014 inlusitaa*
1095 968 1120 1009 15

139 1042 189 1106 73.
214 1043 270 1104 Sed
288 1041 367 1103 Nero
386 1049 489 1103 vocato
511 1050 627 1123 senatu,
651 1045 782 1104 oratione
805 1046 884 1104 inter
907 1050 1007 1122 patres
1030 1042 1079 1102 ha·

73 1136 145 1211 bita,
165 1131 295 1192 edictum
314 1130 392 1209 apud
405 1129 548 1210 populum
563 1138 593 1191 et
607 1130 721 1192 conlata
735 1134 765 1192 iu
780 1131 870 1192 libros
890 1131 998 1192 indicia
1012 1149 1081 1192 cou-

72 1224 274 1299 lessionesque
290 1218 494 1280 damnatorum
508 1217 650 1280 adiunxit.
684 1221 793 1298 etenim
808 1218 913 1281 crebro
933 1218 1014 1298 vulgi
1032 1239 1081 1280 ru·

72 1329 155 1371 more
174 1308 373 1388 lacerabatur,
396 1314 545 1386 tamquam
568 1309 648 1368 viros
667 1311 768 1369 claros
787 1316 816 1368 et
835 1310 967 1368 insontes
982 1308 1019 1368 ob
1038 1311 1081 1368 in-

73 1399 180 1459 vidiam
195 1405 245 1457 aut
258 1404 371 1457 metum
385 1396 567 1456 extinxisset.
595 1403 728 1457 ceterum
748 1404 881 1474 coeptam
895 1395 1082 1475 adultamque
1096 1411 1109 1451 s

73 1497 103 1548 et
117 1487 258 1546 revictam
272 1486 506 1545 coniurationem
520 1503 617 1564 neque
632 1493 702 1545 trrnc
717 1483 897 1564 dubitavere,
912 1482 1020 1563 quibus
1035 1503 1082 1543 ve-

74 1593 140 1637 rum
154 1573 297 1634 noscendi
311 1591 383 1633 cura
397 1580 469 1653 erat,
485 1580 514 1634 et
529 1573 667 1652 latentur,
682 1574 734 1652 qui
747 1581 815 1652 post
829 1574 983 1633 interitum
993 1572 1083 1632 Nero-

73 1667 120 1724 nis
135 1664 165 1722 iu
180 1660 286 1722 urbem
299 1664 429 1740 regressi
444 1668 521 1722 sunt.
553 1668 583 1722 at
601 1663 632 1722 in
652 1670 756 1722 senatu
772 1664 901 1739 cunctis,
924 1667 957 1722 ut
976 1663 1083 1739 cuique

73 1751 235 1830 plurimum
249 1752 407 1828 maeroris,
421 1752 451 1810 in
467 1748 664 1810 adulationem
679 1751 828 1830 demissiS,
847 1749 964 1811 lunium
979 1748 1083 1809 Gallio·

74 1857 156 1918 nem,
176 1837 306 1898 Senecae
326 1838 425 1899 fratris
439 1845 535 1898 morte
549 1839 687 1917 pavidum
702 1846 800 1917 cipro
815 1856 868 1899 sua
881 1836 1083 1898 incolumitate
1098 1853 1124 1892 10

75 1927 251 2006 supplicem,
279 1928 427 2005 increpuit
456 1926 590 1988 Salienus
618 1926 766 2006 Clemens,
794 1928 909 1987 hostem
939 1934 969 1986 et
991 1929 1084 2004 parri·

74 2015 170 2076 eidam
184 2032 305 2094 vocans,
320 2014 415 2075 donec
429 2032 575 2076 consensu
590 2023 708 2093 patrum
723 2015 885 2076 deterritus
899 2024 957 2094 est,
980 2032 1018 2074 ne
1032 2033 1084 2093 pu-

74 2104 158 2165 blicis
173 2103 257 2163 malis
277 2103 358 2164 abuti
376 2102 412 2163 ad
431 2106 615 2165 occasionem
635 2105 741 2182 privati
761 2105 820 2164 odii
839 2103 1002 2183 videretur,
1025 2120 1085 2164 neu

73 2194 235 2271 composita
254 2201 304 2252 aut
318 2191 486 2254 oblitterata
504 2193 731 2254 mansuetudine
755 2193 899 2272 principis
922 2210 1027 2253 novam
1048 2192 1083 2252 ad

76 2282 226 2339 saevitiam
240 2280 413 2341 retraheret
1099 2294 1124 2335 1⁵

143 2364 193 2427 74.
217 2365 293 2425 Tum
321 2365 467 2444 [decreta]
495 2368 571 2429 dona
601 2377 631 2429 et
657 2376 756 2446 grates
784 2369 846 2429 deis
875 2368 1085 2448 decernuntur,

75 2457 274 2534 propriusque
301 2453 395 2514 honos
415 2453 489 2534 Soli,
517 2457 567 2515 cui
592 2463 638 2515 est
656 2463 740 2516 vetus
759 2456 847 2515 aedes
865 2457 943 2534 apud
963 2460 1086 2536 circum,

75 2547 106 2603 in
127 2560 185 2621 quo
205 2542 318 2602 lacinus
337 2540 510 2621 parabatur,
529 2543 581 2620 qui
599 2541 714 2602 occulta
733 2545 946 2604 coniurationis
964 2545 1085 2604 numine

76 2633 245 2711 retexisset3
269 2637 362 2709 utque
388 2631 567 2692 circensium
591 2629 755 2691 Cerealium
778 2629 926 2691 ludicrum
949 2630 1086 2711 pluribus

77 2737 222 2799 equorum
246 2718 384 2779 cursibus
411 2718 614 2780 celebraretur
635 2719 806 2798 mensisque
829 2718 938 2799 Aprilis
960 2717 1113 2781 Neroniso

149 2890 192 2957 72,
212 2896 228 2944 9
247 2890 296 2960 qui
315 2892 377 2947 add.
402 2889 605 2957 Weissenborn,
625 2891 659 2945 de
678 2905 733 2959 quo
752 2891 816 2946 add.
835 2889 894 2959 alii,
914 2887 1086 2961 Nymphidio

77 2960 181 3016 Sabino
201 3004 207 3015 .
228 2959 262 3014 de
286 2960 458 3032 Nymphidio
483 2961 586 3029 Ritter,
614 2963 742 3016 maiorem
769 2961 901 3029 defectum
927 2963 1087 3033 Nipperdey

75 3034 174 3088 nutarit
190 3035 195 3100 l
210 3036 321 3101 quemic
341 3037 345 3101 Ι
368 3040 400 3088 10
419 3033 482 3103 ipse
502 3039 506 3097 Ι
534 3040 565 3088 15
585 3035 712 3088 lacunam
729 3033 865 3088 indicavit
886 3032 998 3100 Wnrrn;
1021 3050 1087 3088 narn

76 3108 191 3173 apparet
218 3106 405 3160 narrationem
428 3106 461 3161 de
479 3105 649 3176 Nymphidio
676 3105 725 3158 oin
746 3110 880 3173 coeptam,
906 3105 1005 3158 nedem
1023 3120 1086 3172 per·

74 3177 172 3242 sectam
191 3190 251 3230 esee.
277 3175 282 3244 Ι
309 3174 355 3241 ta,
377 3183 389 3230 1
414 3175 528 3246 [vocato
547 3175 658 3245 senatu]
682 3174 842 3246 Nipperdey
857 3176 862 3244 Ι
878 3181 895 3228 4
913 3172 1003 3229 claros
1021 3175 1085 3230 edd.

76 3247 207 3315 Agricola
223 3248 227 3314 Ι
243 3251 259 3299 9
279 3244 415 3312 dimissis,
442 3263 489 3302 ern.
512 3247 681 3302 Puteolanus
696 3248 701 3314 Ι
719 3252 752 3300 14
770 3245 926 3314 compositi.
948 3245 999 3299 aab
1016 3244 1086 3299 obli-

76 3317 168 3371 terata
184 3315 409 3384 mansuetudine,
429 3333 476 3372 ern.
496 3317 609 3386 Leptine
633 3322 638 3385 ι
664 3315 707 3384 74,
729 3322 741 3370 1
763 3315 876 3369 decreta
898 3317 948 3370 del.
968 3315 1014 3370 Jo.
1034 3314 1086 3370 Fr.

80 3385 245 3456 Gronovius,
274 3394 370 3443 conire
393 3387 509 3458 Inpone
536 3387 721 3442 decernuntur
744 3385 908 3458 (indiscreta
934 3387 1010 3442 band
1031 3388 1087 3441 scio

79 3472 117 3510 an
135 3465 204 3513 reete
216 3458 414 3530 Bezzenberper
428 3461 485 3514 coll.
499 3464 523 3527 1,
533 3463 577 3524 35,
596 3460 646 3513 nbi
662 3459 725 3512 item
738 3456 905 3512 indiscretus
920 3463 944 3513 ei
957 3455 1086 3528 proprius

79 3530 281 3597 contraposita
299 3536 374 3599 anni)
391 3533 395 3599 Ι
412 3537 427 3585 3
447 3545 497 3584 suo
516 3529 629 3584 numine
648 3529 738 3584 Ritter

818 3617 875 3671 23*
