2392 3876
266 184 315 238 AB
333 183 494 240 EXOESSU
512 184 669 240 AUGUSTI
686 185 732 238 XI.
753 191 864 240 19-23.
1016 185 1080 249 209

72 351 159 414 pares
183 333 323 415 difficilis,
351 333 506 395 consulare
534 336 705 413 imperium,
732 333 877 413 triumphi
899 335 1025 412 insignia
1047 351 1082 394 ac

73 431 223 503 postremo
241 423 370 483 Africam
388 422 530 503 obtinuit3
548 430 637 501 atque
655 421 699 482 ibi
716 421 874 483 defunctus
893 421 979 484 fatale
998 439 1082 500 prae·
1097 437 1124 479 15

73 513 188 589 sagium
201 510 341 589 implevit.

142 596 193 660 22.
220 588 340 660 Interea'
359 599 482 681 Romae,
510 598 599 659 nullis
626 599 722 677 palam
745 618 842 678 neque
866 600 992 677 cognitis
1014 617 1083 661 mox

72 691 183 768 causis,
203 688 254 748 Cn.
265 687 382 748 Nonius
399 705 492 767 eques
503 687 656 748 Romanus
675 688 754 751 ferro
768 689 1084 766 accinctusneperitur

72 779 104 838 in
118 784 205 838 coetu
220 776 400 838 salutantum
413 778 587 855 principem.
608 794 682 836 ‚nam
700 783 858 855 postquam
870 778 1028 838 tormentis
1042 775 1084 836 di-

72 865 247 944 laniabatur,
261 865 297 925 de
312 883 344 924 se
359 883 418 925 non
432 868 580 938 infitiatus
594 866 729 925 conscios
743 882 803 926 non
816 865 922 945 edidit,
936 866 1084 928 incertum

73 972 110 1014 an
126 954 286 1014 occultans.
1098 970 1111 1010 o

140 1041 236 1101 lsdem
260 1040 433 1101 consulibus
451 1041 482 1101 P.
501 1040 649 1103 Dolabella
668 1043 784 1103 censuit
801 1041 1006 1120 spectaculum
1025 1040 1083 1120 gla-

74 1131 222 1190 diatorum
235 1148 290 1208 per
304 1147 407 1189 omnes
421 1147 515 1189 annos
529 1128 738 1191 celebrandum
751 1132 880 1208 pecunia
897 1148 1013 1212 eorum,
1033 1132 1085 1209 qui

73 1226 264 1298 quaesturam
287 1218 531 1297 adipiscerentur.
568 1218 646 1296 apud
668 1220 795 1279 maiores
814 1221 933 1280 virtutis
951 1219 982 1279 id
1001 1236 1084 1297 prae—

73 1310 167 1368 mium
191 1307 300 1387 fuerat,
328 1309 503 1385 cunctisque
528 1308 649 1386 civium,
673 1306 799 1367 sibonis
813 1307 927 1369 artibus
950 1307 1084 1385 fiderent,

74 1396 189 1456 licitum
207 1403 308 1474 petere
327 1397 530 1474 magistratum
549 1412 582 1455 ac
601 1412 638 1454 ne
658 1403 737 1455 aetas
752 1395 872 1473 quidem
885 1394 1084 1473 distingueba-
1099 1413 1125 1452 ro

73 1491 132 1562 tur,
147 1485 219 1561 quin
233 1486 328 1561 prima
342 1486 461 1545 iuventa
475 1483 661 1544 consulatum
676 1491 706 1542 et
719 1482 880 1544 dictaturas
889 1485 1008 1543 inirent.
1032 1483 1084 1543 sed

75 1578 248 1650 quaestores
258 1570 378 1650 regibus
386 1573 545 1632 etiamtum
553 1571 767 1650 imperantibus
776 1573 907 1632 instituti
916 1579 994 1651 sunt,
1005 1570 1084 1650 quod

74 1660 121 1720 lex
137 1660 395 1720 curiataostendit
408 1660 443 1721 ab
459 1660 490 1722 L.
505 1659 598 1721 Bruto
612 1662 747 1739 repetita.
775 1661 942 1738 mansitque
957 1659 1083 1720 consuli-

74 1748 131 1808 bus
149 1756 280 1825 potestas
299 1748 459 1829 deligendi,
477 1749 571 1810 donec
586 1767 654 1819 eum
668 1767 785 1828 quoque
799 1747 942 1808 honorem
956 1747 1083 1827 populus

74 1837 235 1898 mandaret.
254 1839 405 1915 creatique
419 1840 548 1916 primum
557 1837 691 1899 Valerius
701 1836 816 1898 Potitus
831 1845 861 1897 et
874 1837 1015 1898 ¹Aemilius
1025 1836 1083 1897 Ma·
1098 1853 1123 1893 15

73 1944 192 1986 merens
207 1929 410 2004 sexagensimo
424 1929 513 1988 tertio
528 1944 603 1987 anuo
622 1935 691 2006 post
704 1925 881 2004 Tarquinios
899 1933 1032 2007 exactos,
1051 1936 1084 1986 ut

73 2033 136 2074 rem
156 2013 315 2075 militarem
327 2017 554 2076 comitarentur.
583 2016 650 2076 dein
670 2013 864 2094 gliscentibus
884 2016 1011 2092 negotiis
1025 2014 1083 2074 duo

74 2102 175 2183 additi,
189 2105 241 2181 qni
251 2103 527 2165 Romaecurarent:
542 2122 611 2163 mox
625 2103 793 2182 duplicatus
808 2122 959 2184 numerus,
974 2105 1083 2181 stipen-

73 2192 167 2251 diaria
185 2193 243 2251 iam
260 2191 342 2252 ltalia
362 2200 391 2253 et
409 2193 618 2257 accedentibus
636 2194 857 2271 provinciarum
877 2191 1083 2271 vectigalibus:

74 2287 142 2358 post
155 2278 219 2357 lege
235 2279 332 2340 Sabae
346 2283 451 2358 viginti
465 2283 558 2342 creati
576 2280 740 2360 supplendo
760 2282 888 2362 senatui,
907 2283 957 2342 cui
975 2281 1083 2342 iudicia
1098 2297 1125 2337 ro

74 2368 243 2429 tradiderat.
284 2377 320 2428 et
345 2387 521 2448 quamquam
549 2371 665 2448 equites
692 2369 801 2430 iudicia
828 2372 1083 2449 reciperavissent,

74 2463 234 2535 quaestura
252 2464 351 2517 tamen
365 2475 402 2516 ex
415 2457 558 2534 dignitate
577 2456 800 2518 candidatorum
814 2464 865 2518 aut
879 2457 1018 2517 facilitate
1032 2459 1083 2516 tri·

74 2543 230 2604 buentium
249 2547 377 2622 gratuito
395 2535 626 2624 concedebatur,
646 2545 904 2605 donec-sententia
919 2542 1083 2604 Dolabellae

74 2630 155 2692 velut
168 2632 397 2692 venundaretur.

141 2715 194 2781 23.
211 2720 244 2779 Α.
258 2719 374 2779 Vitellio
389 2720 424 2779 l..
439 2719 579 2798 Vipstano
598 2720 770 2782 consulibus
785 2738 854 2792 cum
866 2720 904 2788 dc
919 2713 1083 2800 supplendo

75 2814 180 2869 senatu
193 2809 355 2885 agitaretur
369 2811 573 2887 primoresque
587 2808 710 2888 Galliae,
730 2827 805 2888 quaa
819 2808 944 2875 domata
956 2809 1083 2889 appella-

74 2904 133 2976 tur,
147 2896 266 2956 foedera
280 2905 310 2956 et
324 2899 473 2958 civitatem
481 2897 646 2958 Romanam
660 2898 776 2977 pridem
790 2898 937 2979 adsecuti,
952 2901 1004 2962 ,ius
1023 2898 1083 2959 adi·

73 2984 284 3063 piscendorum
298 2988 329 3045 in
348 2985 421 3046 urbe
439 2986 588 3048 honorum
606 2995 792 3067 expeterent,
810 2987 925 3051 multus
941 3005 975 3048 ea
993 3005 1084 3065 super

73 3092 106 3134 re
126 3076 283 3152 variusque
302 3092 412 3134 rumor.
441 3083 470 3136 et
488 3075 596 3137 studiis
610 3074 735 3136 dirersis
749 3076 827 3155 apud
835 3077 1006 3159 ‚principem
1021 3093 1083 3134 cer·
1097 3090 1112 3131 o

73 3162 203 3243 tabatur‚
218 3163 454 3224 adseverantium
468 3182 528 3225 non
542 3164 614 3225 adeo
629 3182 746 3243 aegram
760 3163 885 3244 ltaliam,
900 3172 934 3225 ut
948 3170 1083 3224 senatum

144 3315 190 3382 22,
208 3321 227 3369 4
244 3331 301 3369 non
318 3314 455 3370 infitiatus
473 3315 533 3371 Jac.
551 3314 718 3371 Grmwoiusz
745 3316 814 3370 noni
840 3333 902 3374 eum
924 3317 1026 3376 lacuna
1048 3320 1084 3370 13

68 3384 226 3440 -litterarenn
241 3388 245 3453 Ι
262 3391 278 3440 8
296 3384 327 3439 id
344 3403 365 3441 e.
385 3388 402 3440 l.
423 3385 460 3440 sit
478 3392 494 3440 1
513 3403 548 3441 m.
565 3390 569 3455 Ι
587 3392 619 3441 15
638 3385 748 3442 Potitus
773 3386 901 3456 mpure:
928 3387 1011 3455 potus
1028 3390 1032 3453 l
1048 3392 1084 3441 20

72 3453 135 3523 lege
150 3455 251 3511 srdllae
267 3460 271 3526 Ι
287 3457 332 3523 23,
349 3463 362 3511 1
377 3456 517 3526 Vipstano
532 3455 595 3514 Olor.
605 3457 659 3514 Ae.
670 3457 823 3527 Repetens:
838 3455 957 3526 uipsena
973 3461 977 3528 l
993 3464 1085 3527 uege-

72 3542 139 3580 nam
159 3527 328 3598 Oetacblo'tper
520 3541 523 3548 ’

126 3624 232 3664 uncum
245 3624 356 3667 aansr.
839 3622 871 3670 14
