2392 3876
124 197 189 262 320
474 192 779 250 consummem

123 353 237 426 partem
252 363 405 407 murorum
419 343 519 424 ambit,
533 351 564 405 et
577 343 666 404 ducta
678 345 784 422 ingens
798 343 890 424 lossa,
904 362 962 423 qua
975 343 1069 405 fluvio
1084 345 1141 406 dil-

124 434 277 496 fidebatur.
301 437 475 513 inerantque
486 432 593 493 milites
607 439 638 492 et
651 434 762 511 provisi
776 440 843 493 ante
858 439 1049 514 commeatus,
1066 452 1141 514 quo-

125 542 192 584 rum
211 523 355 584 subvectu
373 525 460 602 pauci
478 521 591 582 avidius
611 523 763 599 progressi
777 529 807 582 et
820 522 984 600 repentinis
997 521 1141 585 hostibus

125 614 320 674 circumventi
333 614 377 672 ira
396 613 489 689 magis
508 628 596 689 quam
615 617 696 670 metu
715 618 831 670 ceteros
849 609 1056 672 accenderant.
1087 612 1140 673 sed

85 716 111 755 ιο
124 700 232 762 Partho
251 701 287 762 ad
306 699 507 779 exsequendas
527 697 695 758 obsidiones
713 698 793 759 nulla
812 701 976 759 comminus
1000 700 1140 762 audacia:

125 792 202 851 raris
230 791 344 868 sagittis
371 804 467 867 neque
496 785 611 848 clausos
639 792 770 848 exterret
792 795 822 848 et
845 794 938 847 semet
965 787 1138 851 frustratur.

126 879 268 939 Adiabeni
286 895 354 937 cum
373 892 546 955 promovere
560 874 654 936 scalas
668 883 698 937 et
711 875 946 936 machinamenta
959 878 1139 960 inciperent,

126 966 211 1027 iacile
226 966 353 1043 detrusi,
369 983 436 1025 mox
451 964 676 1045 erumpentibus
691 966 801 1025 nostris
815 964 988 1026 caeduntur.

192 1049 221 1115 5.
246 1052 374 1114 Corbulo
392 1061 503 1134 tamen,
522 1055 655 1132 quamvis
673 1052 814 1114 secundis
831 1052 923 1114 rebus
942 1054 1019 1135 suis,
1037 1056 1139 1117 mode-

126 1142 251 1202 randum
265 1142 401 1203 fortunae
415 1150 498 1203 ratus
512 1144 594 1202 misit
607 1143 643 1203 ad
657 1140 832 1223 Vologesen,
848 1144 899 1221 qui
913 1143 1140 1222 expostularent

125 1233 184 1291 rim
199 1232 366 1309 provinciae
380 1230 513 1293 inlatam:
532 1233 646 1292 socium
659 1232 845 1309 amicumque
864 1248 978 1312 regem,
997 1232 1139 1294 cohortes

126 1319 272 1380 Romanas
288 1320 503 1382 circumsideri.
531 1321 681 1381 omitteret
699 1321 799 1398 potius
818 1318 1015 1401 obsidionem,
1035 1330 1088 1383 aut
1107 1340 1140 1382 se

100 1424 113 1465 s
129 1428 247 1489 quoque
261 1411 292 1470 in
307 1426 378 1488 agro
391 1409 493 1470 hostili
506 1416 602 1470 castra
619 1410 795 1487 positurum.
824 1407 981 1487 Casperius
1000 1412 1140 1472 centurio

126 1500 157 1559 in
172 1517 235 1559 eam
250 1497 425 1577 legationem
441 1497 572 1558 delectus
587 1497 664 1577 apud
679 1496 820 1575 oppidum
834 1495 962 1577 Nisibin,
977 1505 1095 1577 septem
1109 1507 1140 1561 et

125 1589 246 1666 triginta
256 1586 376 1648 milibus
385 1585 767 1665 passuumaTigrnnocerta
777 1585 944 1666 distantem,
955 1585 1027 1647 adiit
1035 1604 1140 1667 regem

127 1685 157 1736 et
167 1676 302 1737 mandata
312 1677 452 1736 ferociter
468 1675 568 1737 edidit.
587 1673 722 1754 Vologesi
735 1683 821 1735 vetus
836 1682 866 1735 et
878 1677 998 1754 penitus
1013 1677 1141 1738 infixum

127 1773 190 1825 erat
209 1783 289 1825 arma
304 1764 433 1824 Romana
446 1763 570 1843 vitandi,
590 1782 645 1824 nec
660 1765 826 1842 praesentia
840 1780 982 1842 prospere
996 1764 1139 1827 lluebaut.

86 1868 112 1909 ro
126 1855 249 1914 inritum
263 1853 424 1933 obsidium,
444 1860 527 1913 tutus
541 1869 631 1912 manu
645 1859 675 1913 et
689 1854 783 1931 copiis
797 1852 954 1933 Tigranes,
973 1853 1068 1932 iugati
1087 1858 1139 1934 qui

127 1944 373 2021 expugnationem
388 1948 589 2022 sumpserant,
603 1942 709 2001 missae
723 1943 755 2001 in
770 1940 939 2001 Armeniam
952 1940 1094 2023 legiones,
1108 1952 1140 2004 et

126 2030 198 2091 aliae
209 2048 263 2109 pro
275 2030 360 2090 Suria
375 2037 492 2108 paratae
507 2028 585 2089 ultro
599 2031 784 2109 inrumpere3
798 2029 856 2090 sibi
869 2029 1039 2091 inbecillum
1055 2033 1138 2111 equi·

126 2126 186 2178 tem
201 2117 300 2196 pabuli
313 2120 424 2196 inopia:
438 2135 506 2177 nam
517 2124 618 2177 exorta
627 2119 671 2176 vis
681 2116 863 2177 locustarum
873 2117 1043 2180 ambederat
1052 2120 1138 2199 quid·

126 2205 197 2284 quid
215 2205 374 2266 herbidum
392 2212 443 2266 aut
458 2204 638 2266 frondosum.
666 2207 758 2283 igitur
771 2213 853 2267 metu
867 2205 1005 2269 abstruso
1018 2210 1138 2271 mitiora

86 2308 111 2350 15
126 2292 298 2374 obtendens,
313 2295 474 2353 missurum
484 2293 519 2354 ad
530 2295 739 2374 imperatorem
750 2293 913 2356 Romanum
923 2296 1035 2375 legatos
1046 2315 1138 2378 super

124 2383 250 2463 petenda
260 2383 399 2444 Armenia
412 2390 442 2445 et
456 2383 598 2444 lirmanda
611 2402 683 2462 pace
693 2384 861 2463 respondet.
883 2384 1042 2447 Monaesen
1052 2390 1137 2449 omit-

126 2480 190 2534 tere
205 2472 445 2551 Tigranocertam
460 2471 555 2552 inbet,
570 2474 634 2552 ipse
648 2481 729 2534 retro
744 2473 887 2535 concedit.

194 2559 222 2623 6.
247 2561 326 2622 llaec
348 2561 450 2640 plures
473 2569 508 2622 ut
530 2562 686 2623 tormidine
706 2563 785 2640 regis
804 2570 834 2623 et
852 2562 1029 2625 Corbulonis
1047 2568 1137 2627 minis

126 2657 239 2729 patrata
254 2669 288 2711 ac
303 2652 457 2729 magnilica
471 2650 662 2713 extollebant:
681 2651 731 2711 alii
749 2649 864 2713 occulte
883 2655 1031 2731 pepigisse
1046 2656 1136 2716 inter·

125 2737 332 2819 pretabantur,
355 2747 389 2800 ut
412 2742 520 2801 omisso
539 2742 689 2819 utrimque
707 2739 785 2801 bello
804 2748 835 2802 ct
853 2739 979 2802 abeunte
994 2741 1136 2823 Vologese

126 2825 269 2905 Tigranes
288 2846 406 2907 quoque
427 2828 564 2889 Armenia
583 2828 764 2890 abscederet.
802 2848 856 2890 cur
874 2832 953 2891 enim
972 2835 1136 2895 exercitum

100 2929 112 2970 a
127 2914 290 2976 Romanum
305 2934 322 2975 a
336 2915 555 2995 Tigranocertis
570 2913 752 2978 deductum?
770 2937 825 2979 cur
839 2919 956 2980 deserta
973 2937 1028 2998 per
1042 2925 1136 2983 otium

126 3023 201 3084 quae
220 3003 297 3065 bello
316 3001 530 3066 tetenderant?
552 3004 714 3067 romelius
733 3005 935 3069 hibernavisse
954 3010 985 3069 in
1004 3018 1136 3071 extrema

198 3194 223 3261 4,
244 3201 260 3249 6
280 3193 380 3248 ambiit
396 3196 399 3259 Ι
415 3192 500 3248 fluvio
518 3211 575 3249 non
594 3194 797 3251 defendebatur
811 3197 907 3252 Haase
922 3199 926 3264 Ι
942 3195 968 3263 b,
983 3203 1000 3250 4
1019 3197 1135 3252 circum-

127 3265 231 3346 sedere,
257 3282 304 3323 em.
323 3266 475 3337 Agricola!
492 3264 569 3320 ocius
589 3266 718 3323 Faernus
733 3270 738 3336 Ι
754 3275 770 3324 6
789 3266 931 3348 legionem
946 3268 951 3334 l
968 3273 983 3320 'l
1002 3266 1135 3338 Tigrano-

127 3338 210 3389 certis
228 3336 333 3404 Ritter,
356 3339 391 3404 cf.
409 3337 569 3408 Nipperdey
586 3340 624 3394 od
648 3344 691 3406 14,
708 3343 746 3396 24
761 3341 765 3406 Ι
781 3338 843 3392 edrt
858 3341 863 3405 Ι
878 3342 894 3391 8
912 3339 992 3391 vetus
1012 3340 1137 3395 studium

126 3409 156 3460 et
164 3407 255 3462 Rittcr
270 3409 275 3477 Ι
292 3414 325 3463 10
339 3407 445 3535 manul,
451 3407 597 3463 moenibus
608 3409 684 3466 Neue
699 3412 704 3480 Ι
722 3416 754 3464 18
769 3408 799 3463 ui
814 3410 819 3477 l
835 3406 999 3462 ambederat
1008 3409 1135 3481 Lipsius:

126 3476 299 3603 muza&
308 3478 360 3534 loc.
381 3488 425 3533 em
447 3495 525 3534 esum
544 3482 604 3535 erut
621 3481 722 3536 Erum
747 3481 752 3488 ’
780 3479 795 3516 l
821 3482 830 3520 ‘2
858 3478 970 3531 petreia
987 3481 1136 3552 magnifice
