2392 3876
318 182 366 236 AB
383 179 543 236 Excusso
560 179 716 236 AUGUSTI
732 179 791 235 ΧΠ.
811 186 924 236 66-42.
1046 181 1110 247 237

103 338 267 411 praetexta,
285 329 364 390 Nero
377 328 549 408 triumphali
562 336 643 390 veste
658 331 783 391 travecti
795 338 879 391 sunt:
899 338 1047 409 spectaret
1060 349 1111 411 po·

103 419 192 498 pulus
205 419 285 480 hunc
299 418 406 480 decore
420 420 623 498 imperatorio,
641 417 726 479 illum
738 418 849 496 puerili
863 417 980 500 babitu,
998 437 1033 481 ac
1046 438 1112 500 per·
1127 435 1153 474 ao

104 509 173 568 inde
183 508 330 569 fortunam
340 509 497 586 utriusque
506 513 719 586 praesumeret.
743 505 832 568 simul
842 509 894 586 qui
903 509 1112 570 centurionum

103 596 351 675 tribunorumque
365 604 475 657 sortem
488 594 652 656 Britannici
667 595 896 670 miserabantur,
914 598 1020 657 remoti
1035 597 1112 658 dctis

104 687 202 746 causis
216 693 246 747 et
261 685 310 745 alii
324 702 378 764 per
396 686 527 764 speciem
544 682 681 766 honoris,
700 686 789 745 etiam
806 682 983 746 libertorum
1000 687 1027 746 si
1046 687 1113 765 quis

105 777 278 854 incorrupta
291 773 363 854 fide,
377 772 536 852 depellitur
549 772 601 832 tali
615 775 778 834 occasione.
801 772 882 834 obvii
894 775 974 834 inter
988 791 1020 835 se
1034 773 1113 835 Nero

103 860 307 924 Britannicum
326 864 458 937 nomine,
475 859 525 922 ille
540 860 699 922 Domitium
713 861 886 923 salutavere.
914 863 993 941 quod
1007 869 1041 924 ut
1055 863 1113 924 dis·
1128 876 1154 918 1⁵

104 952 221 1013 cordiae
239 952 358 1010 initium
376 949 536 1028 Agrippina
553 949 647 1010 multo
666 958 774 1030 questu
792 950 829 1011 ad
847 953 986 1012 maritum
1005 951 1114 1013 defert:

105 1042 206 1118 sperni
221 1040 330 1117 qnippe
344 1038 545 1118 adoptionem,
559 1056 694 1117 quaeque
708 1041 880 1100 censuerint
893 1048 1006 1121 patres,
1020 1042 1114 1102 iusse-

104 1131 145 1189 rit
162 1127 303 1207 populns,
322 1128 400 1186 iutra
417 1132 541 1204 penates
559 1125 708 1206 abrogari3
727 1145 761 1189 ac
780 1129 838 1187 nisi
852 1130 982 1205 pravitas
995 1135 1056 1190 tam
1069 1132 1114 1191 in·

104 1217 186 1278 fensa
205 1216 375 1276 docentium
393 1222 542 1295 arceatur,
565 1224 707 1293 eruptura
725 1217 757 1276 in
774 1215 924 1294 publicam
941 1220 1114 1296 pernicicm.

105 1313 271 1367 commotus
288 1304 336 1364 his
355 1305 439 1382 quasi
457 1303 633 1365 criminibus
651 1305 796 1381 optimum
815 1322 962 1384 quemque
977 1305 1114 1369 educato·
1128 1321 1155 1361 so

105 1412 168 1455 rem
182 1393 235 1454 filii
248 1392 335 1453 eribo
350 1400 403 1453 aut
414 1401 509 1452 morte
523 1390 623 1452 adficit
636 1391 779 1470 datosque
792 1410 810 1452 a
823 1409 949 1453 noverca
964 1394 1115 1493 custodiae

106 1484 170 1543 eins
184 1483 308 1560 inponit.
1095 1520 1097 1524 -

109 1567 224 1630 ’.42
242 1568 379 1630 Nondum
397 1576 496 1628 tamen
511 1585 624 1628 summa
638 1568 738 1628 moliri
751 1568 912 1648 Agrippina
927 1568 1065 1651 audebat,
1084 1573 1116 1631 ni

106 1660 321 1739 praetoriarum
343 1656 511 1717 cohortium
534 1674 606 1717 cura
624 1656 848 1717 exsolverentur
867 1657 975 1718 Lusius
994 1657 1067 1719 Geta
1086 1666 1116 1719 et

105 1747 228 1808 Rufrius
247 1746 415 1827 Crispinus,
433 1761 508 1824 quos
522 1743 695 1806 Messalinae
713 1762 861 1807 memores
880 1752 910 1805 et
928 1745 1031 1807 liberis
1050 1749 1115 1807 eius

69 1856 71 1860 ·
106 1836 259 1897 devinctos
273 1832 419 1895 credebat.
447 1835 539 1912 igitur
556 1833 682 1894 distrahi
701 1833 838 1894 cohortes
857 1832 1116 1896 ambitu-duorum

106 1934 149 2004 ct,
169 1926 195 1985 si
213 1923 249 1984 ab
268 1941 327 1984 uno
342 1929 531 2003 regerentur,
549 1924 740 1983 intentiorem
754 1923 818 1982 fore
832 1921 1019 2002 disciplinam
1033 1923 1142 1984 auses

105 2019 225 2075 vorante
248 2028 353 2090 uxore,
379 2011 559 2072 transfertur
581 2012 714 2090 regimen
736 2011 904 2072 cohortium
927 2011 964 2073 ad
986 2011 1116 2074 Burrum

106 2103 273 2181 Afranium,
301 2101 436 2180 egregiae
463 2098 599 2161 militaris
626 2100 733 2178 famae,
760 2117 886 2179 gnarum
907 2107 1008 2161 tamen
1030 2103 1116 2163 cuius

55 2221 65 2264 ῃ
105 2198 211 2271 sponte
228 2191 448 2270 praeficeretur.
476 2206 563 2249 snum
582 2207 701 2268 quoque
718 2188 868 2266 fastigium
887 2188 1049 2268 Agrippina
1067 2208 1116 2250 ex·
1149 2213 1151 2216 ’

106 2279 209 2341 tollere
228 2276 328 2338 altius:
347 2285 488 2356 carpento
503 2276 679 2356 Capitolium
697 2276 827 2359 ingredi,
845 2278 898 2356 qui
911 2277 1115 2357 bonosusacer-

74 2418 77 2427 .
106 2367 226 2428 dotibus
237 2368 276 2427 'et
293 2367 386 2426 sacris
405 2367 569 2445 antiquitus
583 2382 744 2426 concessus
757 2367 977 2427 venerationem
990 2367 1117 2445 augebat
1131 2381 1156 2421 ιο

106 2457 245 2534 feminae,
260 2472 348 2533 quam
362 2456 541 2532 imperatore
555 2455 697 2533 genitam,
711 2470 845 2514 sororem
860 2455 934 2533 eius,
948 2456 1000 2532 qui
1014 2472 1115 2516 rerum

106 2542 218 2623 potitus
238 2544 289 2620 sit,
308 2549 338 2602 et
356 2543 512 2620 coniugem
531 2550 561 2601 et
578 2548 703 2601 matrem
720 2541 827 2622 fuisse,
845 2543 968 2602 unicum
986 2540 1116 2603 adhunc

107 2631 185 2692 diem
199 2629 366 2708 exemplum
379 2636 434 2689 est.
463 2631 542 2690 inter
556 2647 630 2708 quae
644 2631 822 2707 praecipuus
836 2635 1038 2707 propugnator
1051 2632 1117 2692 eius

108 2718 254 2798 Vitellius,
277 2716 455 2778 validissima
473 2719 579 2797 gratia,
603 2724 697 2778 aetate
720 2723 851 2778 extrema
874 2713 961 2799 (adeo
983 2719 1116 2780 incertae

107 2814 177 2869 suut
195 2807 361 2885 potentium
380 2799 442 2887 res)
463 2807 649 2866 accusatione
667 2807 842 2886 corripitur,
861 2805 1013 2869 deferente
1031 2806 1116 2891 lunio
1131 2821 1156 2863 1⁵

106 2896 190 2975 Lupo
210 2902 355 2955 senatore.
396 2897 422 2955 is
441 2895 565 2956 crimina
582 2895 744 2955 maiestatis
762 2900 793 2955 et
810 2895 980 2974 cupidinem
998 2898 1116 2975 imperii

106 2982 285 3097 obiectabat3
314 2982 558 3062 praebuissetque
586 2999 674 3043 aures
701 2981 820 3062 Caesar,
849 2984 909 3044 nisi
937 2985 1115 3066 Agrippinae

176 3171 223 3241 41,
242 3179 259 3228 9
284 3171 450 3241 triumphali
468 3171 622 3243 Gryphium
649 3131 863 3253 triumphalium
888 3173 892 3239 Ι
916 3173 949 3226 ut
976 3171 1117 3242 spectaret

106 3215 232 3314 16666666,
260 3259 324 3298 oum
351 3261 392 3313 sp
415 3242 605 3300 Weissenborn
628 3245 633 3311 Ι
660 3249 692 3298 12
719 3241 836 3297 mmotis
857 3245 866 3324 1
887 3241 1116 3311 2066621666

108 3315 247 3371 Peterson:
275 3331 317 3382 ac,
344 3317 379 3382 ef.
398 3318 428 3380 2,
445 3319 484 3371 24
509 3313 600 3370 morte
626 3314 678 3368 aut
703 3312 734 3367 fn
798 3311 922 3395 punivit,
946 3319 971 3381 6,
991 3316 1113 3371 666.·,

105 3385 190 3441 exilio
209 3386 259 3440 aut
276 3387 367 3441 morte
388 3385 612 3452 multarentur!
636 3382 683 3451 42,
702 3390 719 3440 6
808 3382 850 3438 'ua
872 3399 935 3439 ooo.
962 3383 1059 3452 mlius,
1079 3386 1114 3452 cf.

104 3459 214 3581 &Md
233 3460 278 3524 16,
296 3461 341 3512 71.
359 3461 405 3524 16,
423 3461 466 3513 17.
485 3455 558 3512 8266.
577 3455 644 3511 Ner.
663 3428 752 3528 6618
774 3449 1008 3525 proficereturld
1018 3427 1114 3562 26166

134 3527 239 3583 66666666.
256 3541 318 3583 mod
520 3555 533 3570 ⁴¹
