2392 3876
145 170 208 235 178
494 163 798 220 ccnnnnnrrour

117 333 199 398 sper
218 316 330 379 ltaliam
354 315 531 378 conlocaret.
574 314 625 375 sed
649 314 812 376 creditores
831 314 1009 391 insolidum
1028 317 1158 396 appella·

145 406 225 488 bant,
244 424 299 467 nec
317 406 460 467 decorum
479 401 632 482 appellatis
645 404 780 463 minuere
794 402 890 464 fidem
919 404 959 464 ita
973 406 1073 482 primo
1088 425 1158 467 con·

145 497 275 558 cursatio
299 501 329 556 et
351 511 472 573 preces,
495 492 563 552 dein
582 498 715 568 strepere
734 493 879 569 praetoris
897 491 1042 572 tribunal,
1061 511 1157 575 eaque

126 603 221 666 ‘quae
244 583 375 644 remedio
399 582 544 661 quaesita,
570 579 700 640 venditio
724 587 754 639 et
775 580 897 660 emptio,
920 580 951 641 in
969 584 1156 644 contrarium

144 675 266 751 mutari,
286 673 354 750 quia
373 671 573 729 faeneratores
592 685 709 728 omnem
723 671 879 746 pecuniam
892 669 1062 730 mercandis
1076 673 1156 750 agris

106 776 131 816 ro
146 760 346 822 condiderant.
389 758 503 834 copiam
521 755 668 816 vendendi
686 763 787 817 secuta
806 756 915 818 vilitate
921 803 931 837 ,
955 765 1068 837 quanto
1089 763 1155 839 quis

145 848 324 926 obaeratior,
348 847 465 923 aegrius
484 843 701 925 distrahebant,
723 843 869 924 multique
888 844 1016 906 fortunis
1035 847 1155 925 provol-

144 936 301 1014 vebantur3
325 933 439 994 eversio
463 934 508 992 rei
531 931 682 993 familiaris
701 931 872 1010 dignitatem
891 950 926 994 ac
944 933 1051 995 lamam
1071 951 1155 1015 prae·

145 1041 214 1101 ceps
238 1021 338 1101 dabat,
361 1021 456 1081 donec
479 1019 548 1081 tulit
566 1037 653 1098 opem
672 1019 779 1081 Caesar
798 1021 942 1100 disposito
961 1038 1016 1100 per
1034 1039 1154 1086 mensas

144 1110 260 1172 miliens
284 1111 422 1171 sestertio
446 1108 582 1187 laetaque
607 1109 763 1169 mutuandi
786 1111 870 1188 copia
894 1111 958 1169 sine
977 1111 1083 1171 usuris
1103 1129 1155 1191 per

105 1214 130 1254 aa
145 1200 318 1278 triennium,
343 1199 369 1259 si
391 1196 508 1258 debitor
531 1195 640 1275 populo
663 1199 694 1257 in
718 1196 840 1277 duplum
864 1197 993 1276 praediis
1018 1201 1154 1262 cavisset

144 1290 188 1350 sic
212 1287 323 1349 reiecta
342 1286 428 1366 tides,
451 1292 481 1347 et
502 1284 643 1365 paulatim
661 1286 768 1364 privati
787 1303 906 1366 quoque
924 1285 1093 1348 creditores
1112 1307 1154 1349 rc-

144 1378 230 1457 perti.
270 1393 368 1454 neque
390 1376 500 1452 emptio
524 1391 662 1454 agrorum
686 1375 815 1435 exercita
833 1374 869 1434 ad
888 1373 1013 1434 formam
1032 1384 1154 1438 senatus

145 1463 281 1546 consulti,
296 1463 423 1545 aeribus,
437 1471 471 1524 ut
485 1463 578 1523 terme
592 1460 659 1524 talia
659 1463 807 1543 ,initiis,
799 1464 949 1524 incurioso
964 1462 1033 1525 tine.

214 1553 263 1616 18
293 1552 367 1614 Dein
395 1552 521 1613 redeunt
548 1553 663 1630 priores
691 1559 787 1611 metus
814 1549 961 1630 postulato
989 1553 1153 1632 maiestatis

145 1643 284 1705 Considio
303 1640 429 1702 Proculo
433 1642 514 1720 ,qui
532 1639 612 1700 nullo
631 1656 739 1718 pavore
757 1638 836 1700 diem
853 1639 978 1700 namlem
997 1626 1153 1703 celebrans

85 1742 89 1750 '
144 1740 247 1812 raptus
275 1732 306 1790 in
330 1731 443 1790 curiam
466 1729 636 1807 pariterque
660 1727 815 1788 damnatus
838 1727 1076 1808 interiectusque
1101 1739 1152 1792 est

146 1822 242 1881 sorori
267 1819 331 1878 eius
351 1816 473 1877 Sanciae
498 1833 573 1894 aqua
595 1816 711 1893 atque
703 1817 765 1893 agni
783 1816 974 1878 interdictum
993 1827 1151 1881 accusante

118 1923 130 1962 s
145 1908 177 1979 Q.
192 1907 363 1984 Pomponio.
391 1906 417 1964 is
435 1903 569 1964 moribus
587 1905 705 1982 inquies
723 1903 796 1965 haec
811 1912 840 1965 et
854 1903 978 1966 huiusce
993 1906 1076 1967 modi
1090 1926 1108 1969 a
1122 1925 1151 1968 se

144 1996 272 2055 factitari
290 1991 509 2072 praetendebat,
528 2000 561 2052 ut
579 1999 663 2070 parta
682 1992 759 2071 apud
778 1994 944 2072 principem
962 1996 1056 2070 gratia
1077 1998 1151 2075 peri·

144 2082 219 2143 culis
232 2082 386 2158 Pomponii
401 2079 530 2141 Secundi
548 2079 648 2140 fratris
667 2081 845 2141 mederetur.
873 2083 961 2142 etiam
980 2083 1011 2142 in
1029 2081 1151 2164 Pompe·

43 2156 48 2166 ’
144 2173 201 2230 iam
215 2168 375 2229 Macrinam
393 2166 514 2228 exilium
532 2169 686 2249 statuitur,
710 2171 795 2230 cuius
813 2171 954 2231 maritum
972 2170 1151 2252 Argolicum,

145 2275 281 2319 socerum
302 2256 448 2316 Laconem
472 2274 487 2316 e
509 2256 691 2334 primoribus
705 2256 889 2319 Achaeorum
907 2257 1015 2319 Caesar
1033 2259 1151 2322 adllixe·

104 2363 130 2401 ιο
144 2354 197 2408 rat.
230 2352 314 2426 pater
329 2363 446 2424 quoque
461 2342 596 2405 inlustris
610 2363 702 2424 eques
716 2345 866 2408 Romanus
880 2365 915 2408 ac
929 2347 1022 2408 irater
1036 2357 1150 2425 praeto·

144 2438 220 2516 rius,
240 2453 307 2496 cum
322 2434 469 2494 damnatio
483 2435 620 2514 instaret,
640 2451 671 2495 se
686 2435 743 2512 ipsi
757 2434 942 2497 interfecere.
970 2435 1074 2497 datum
1090 2446 1151 2499 crat

145 2527 270 2605 crimini,
290 2522 368 2603 quod
382 2521 581 2601 Theophanen
600 2521 808 2602 Mytilenaeum
826 2541 967 2603 proavum
981 2542 1087 2586 eorum
1101 2525 1149 2587 Gn.

144 2613 267 2693 Magnus
282 2615 359 2673 inter
374 2612 494 2672 intimos
503 2609 664 2691 habuisset,
679 2611 817 2691 qnodque
827 2612 967 2673 defuncto
978 2611 1151 2693 Theophani

143 2703 286 2762 caelestes
300 2701 428 2761 bonores
443 2698 553 2761 Graeca
568 2699 697 2760 adulatio
711 2698 866 2761 tribuerat
1050 2776 1054 2781 ι

213 2787 261 2849 19.
284 2789 356 2849 Post
378 2806 453 2867 quos
476 2788 541 2848 Sex.
561 2786 672 2848 Marius
690 2786 898 2867 Hispaniarum
918 2781 1084 2851 ditissimns
1103 2791 1150 2852 de·

144 2876 238 2936 lertur
257 2878 418 2936 incestasse
437 2875 525 2937 liliam
544 2883 574 2936 et
592 2893 661 2936 saxo
681 2874 806 2955 Tarpeio
825 2877 960 2938 deicitur.
988 2894 1022 2938 ac
1041 2895 1080 2939 nc
1099 2879 1150 2940 du·

144 2963 226 3024 bium
239 2961 400 3023 baberetur
414 2962 646 3042 magnitudinem
659 2967 804 3043 pecuniae
818 2964 894 3026 malo
909 2967 1048 3047 vertisse,
1067 2983 1150 3029 aura-

216 3153 260 3219 lt,
279 3157 295 3205 5
323 3156 385 3206 aute
409 3150 458 3204 sed
481 3151 591 3206 addidit
613 3152 684 3206 idem
707 3167 741 3207 ec
759 3152 831 3208 Suet
853 3153 912 3208 Tib
931 3157 979 3208 48ε
1009 3153 1151 3210 debitores

144 3223 264 3278 totidem
283 3220 355 3275 aeris
374 3220 460 3275 alieni
478 3220 575 3274 statim
594 3220 734 3276 solverent
750 3226 754 3292 Ι
772 3230 804 3278 12
819 3221 849 3275 in
866 3239 1001 3293 praeceps
1015 3223 1151 3292 Muretus,

144 3303 174 3350 ot
192 3297 225 3363 cs.
245 3299 271 3360 4,
290 3297 346 3362 621
364 3298 396 3346 17
416 3290 512 3373 amilio
528 3292 533 3362 Ι
550 3292 594 3358 18,
614 3293 698 3347 test
715 3294 924 3361 Bezzenberqer:
948 3296 996 3362 etl
1014 3300 1045 3349 11
1065 3293 1151 3350 inter·

142 3366 224 3419 ficere
241 3369 244 3433 Ι
261 3361 476 3432 laesurum
490 3333 721 3432 argenteumque
739 3365 952 3419 Weiaoeeuborn
971 3365 1152 3435 aurariasque

143 3441 212 3501 (sur
242 3434 420 3503 cererinsque
445 3434 658 3503 Berseobesper;
683 3435 755 3517 allud
777 3435 871 3503 aptius
892 3435 1008 3503 sidetem
1036 3452 1098 3492 com
1115 3437 1152 3492 eit

142 3522 228 3562 sermo
246 3508 279 3562 de
296 3507 402 3562 homine
415 3504 621 3576 Hispaniarum
638 3505 705 3552 Μ
