<?xml version="1.0" encoding="UTF-8"?>
<!DOCTYPE html PUBLIC "-//W3C//DTD XHTML 1.0 Transitional//EN"
    "http://www.w3.org/TR/xhtml1/DTD/xhtml1-transitional.dtd">
<html xmlns="http://www.w3.org/1999/xhtml" xml:lang="en" lang="en">
 <head>
  <title>
</title>
<meta http-equiv="Content-Type" content="text/html;charset=utf-8" />
  <meta name='ocr-system' content='tesseract 3.04.00' />
  <meta name='ocr-capabilities' content='ocr_page ocr_carea ocr_par ocr_line ocrx_word'/>
</head>
<body>
  <div class='ocr_page' id='page_1' title='image "./libriquisupersu00halmgoog_0280.png"; bbox 0 0 2392 3876; ppageno 0'>
   <div class='ocr_carea' id='block_1_1' title="bbox 277 188 1077 258">
    <p class='ocr_par' dir='ltr' id='par_1_1' title="bbox 277 188 1077 258">
     <span class='ocr_line' id='line_1_1' title="bbox 277 188 1077 258; baseline 0.016 -13"><span class='ocrx_word' id='word_1_1' title='bbox 277 189 325 245; x_wconf 80' lang='lat' dir='ltr'>AB</span> <span class='ocrx_word' id='word_1_2' title='bbox 344 188 504 246; x_wconf 69' lang='lat' dir='ltr'>Excussit</span> <span class='ocrx_word' id='word_1_3' title='bbox 521 188 677 246; x_wconf 75' lang='lat' dir='ltr'><strong>AUGUSTI</strong></span> <span class='ocrx_word' id='word_1_4' title='bbox 694 190 766 247; x_wconf 80' lang='grc' dir='ltr'>ΧΙΠ,</span> <span class='ocrx_word' id='word_1_5' title='bbox 785 197 898 248; x_wconf 80' lang='lat' dir='ltr'>aa-ar.</span> <span class='ocrx_word' id='word_1_6' title='bbox 1012 192 1077 258; x_wconf 79' lang='lat'>269</span> 
     </span>
    </p>
   </div>
   <div class='ocr_carea' id='block_1_2' title="bbox 73 338 1118 600">
    <p class='ocr_par' dir='ltr' id='par_1_2' title="bbox 73 338 1118 600">
     <span class='ocr_line' id='line_1_2' title="bbox 73 338 1078 420; baseline 0.001 -20"><span class='ocrx_word' id='word_1_7' title='bbox 73 341 209 401; x_wconf 90' lang='lat' dir='ltr'>tentoriis</span> <span class='ocrx_word' id='word_1_8' title='bbox 227 338 325 400; x_wconf 92' lang='lat' dir='ltr'>locum</span> <span class='ocrx_word' id='word_1_9' title='bbox 334 357 402 420; x_wconf 69' lang='lat' dir='ltr'>‚non</span> <span class='ocrx_word' id='word_1_10' title='bbox 421 339 585 418; x_wconf 87' lang='lat' dir='ltr'>praeberet.</span> <span class='ocrx_word' id='word_1_11' title='bbox 623 339 751 402; x_wconf 80' lang='lat' dir='ltr'>ambusti</span> <span class='ocrx_word' id='word_1_12' title='bbox 769 340 929 402; x_wconf 91' lang='lat' dir='ltr'>multorum</span> <span class='ocrx_word' id='word_1_13' title='bbox 949 348 1031 402; x_wconf 90' lang='lat' dir='ltr'>artus</span> <span class='ocrx_word' id='word_1_14' title='bbox 1050 343 1078 401; x_wconf 85' lang='lat' dir='ltr'>vi</span> 
     </span>
     <span class='ocr_line' id='line_1_3' title="bbox 73 426 1078 507; baseline 0.002 -19"><span class='ocrx_word' id='word_1_15' title='bbox 73 429 191 507; x_wconf 82' lang='lat' dir='ltr'>frigoris</span> <span class='ocrx_word' id='word_1_16' title='bbox 205 435 235 489; x_wconf 83' lang='lat' dir='ltr'>ct</span> <span class='ocrx_word' id='word_1_17' title='bbox 249 426 367 507; x_wconf 86' lang='lat' dir='ltr'>quidam</span> <span class='ocrx_word' id='word_1_18' title='bbox 387 429 466 489; x_wconf 87' lang='lat' dir='ltr'>inter</span> <span class='ocrx_word' id='word_1_19' title='bbox 480 426 620 489; x_wconf 84' lang='lat' dir='ltr'>excubias</span> <span class='ocrx_word' id='word_1_20' title='bbox 634 431 792 490; x_wconf 88' lang='lat' dir='ltr'>exanimati</span> <span class='ocrx_word' id='word_1_21' title='bbox 806 438 883 491; x_wconf 92' lang='lat' dir='ltr'>sunt.</span> <span class='ocrx_word' id='word_1_22' title='bbox 910 429 1078 490; x_wconf 88' lang='lat' dir='ltr'>adnotatus·</span> 
     </span>
     <span class='ocr_line' id='line_1_4' title="bbox 73 515 1118 600; baseline 0.001 -22"><span class='ocrx_word' id='word_1_23' title='bbox 73 535 131 597; x_wconf 89' lang='lat' dir='ltr'>que</span> <span class='ocrx_word' id='word_1_24' title='bbox 155 515 251 597; x_wconf 90' lang='lat' dir='ltr'>miles,</span> <span class='ocrx_word' id='word_1_25' title='bbox 275 518 326 595; x_wconf 93' lang='lat' dir='ltr'>qui</span> <span class='ocrx_word' id='word_1_26' title='bbox 349 517 458 578; x_wconf 76' lang='lat' dir='ltr'>fascem</span> <span class='ocrx_word' id='word_1_27' title='bbox 477 516 625 595; x_wconf 91' lang='lat' dir='ltr'>lignorum</span> <span class='ocrx_word' id='word_1_28' title='bbox 648 516 793 600; x_wconf 79' lang='lat' dir='ltr'>gestabat,</span> <span class='ocrx_word' id='word_1_29' title='bbox 815 521 856 579; x_wconf 92' lang='lat' dir='ltr'>ita</span> <span class='ocrx_word' id='word_1_30' title='bbox 880 520 1078 596; x_wconf 81' lang='lat' dir='ltr'>praeriguisse</span> <span class='ocrx_word' id='word_1_31' title='bbox 1093 532 1118 572; x_wconf 84' lang='lat'>1⁵</span> 
     </span>
    </p>
   </div>
   <div class='ocr_carea' id='block_1_3' title="bbox 72 605 1123 3250">
    <p class='ocr_par' dir='ltr' id='par_1_3' title="bbox 72 605 1121 1482">
     <span class='ocr_line' id='line_1_5' title="bbox 73 605 1078 686; baseline -0.002 -18"><span class='ocrx_word' id='word_1_32' title='bbox 73 623 186 686; x_wconf 91' lang='lat' dir='ltr'>manus,</span> <span class='ocrx_word' id='word_1_33' title='bbox 200 612 234 666; x_wconf 91' lang='lat' dir='ltr'>ut</span> <span class='ocrx_word' id='word_1_34' title='bbox 247 607 331 666; x_wconf 87' lang='lat' dir='ltr'>oneri</span> <span class='ocrx_word' id='word_1_35' title='bbox 345 605 538 666; x_wconf 83' lang='lat' dir='ltr'>adhaerentes</span> <span class='ocrx_word' id='word_1_36' title='bbox 548 608 664 667; x_wconf 87' lang='lat' dir='ltr'>truncis</span> <span class='ocrx_word' id='word_1_37' title='bbox 674 605 803 668; x_wconf 87' lang='lat' dir='ltr'>brachiis</span> <span class='ocrx_word' id='word_1_38' title='bbox 813 606 992 667; x_wconf 90' lang='lat' dir='ltr'>deciderent.</span> <span class='ocrx_word' id='word_1_39' title='bbox 1015 609 1078 686; x_wconf 92' lang='lat' dir='ltr'>ipse</span> 
     </span>
     <span class='ocr_line' id='line_1_6' title="bbox 72 693 1079 776; baseline 0 -20"><span class='ocrx_word' id='word_1_40' title='bbox 72 694 154 756; x_wconf 89' lang='lat' dir='ltr'>cultu</span> <span class='ocrx_word' id='word_1_41' title='bbox 173 693 242 774; x_wconf 87' lang='lat' dir='ltr'>leri,</span> <span class='ocrx_word' id='word_1_42' title='bbox 266 696 361 773; x_wconf 92' lang='lat' dir='ltr'>capite</span> <span class='ocrx_word' id='word_1_43' title='bbox 379 697 503 773; x_wconf 91' lang='lat' dir='ltr'>intecto,</span> <span class='ocrx_word' id='word_1_44' title='bbox 522 696 554 754; x_wconf 93' lang='lat' dir='ltr'>in</span> <span class='ocrx_word' id='word_1_45' title='bbox 573 697 701 776; x_wconf 86' lang='lat' dir='ltr'>agmine,</span> <span class='ocrx_word' id='word_1_46' title='bbox 719 697 751 755; x_wconf 92' lang='lat' dir='ltr'>in</span> <span class='ocrx_word' id='word_1_47' title='bbox 770 694 919 756; x_wconf 84' lang='lat' dir='ltr'>laboribus</span> <span class='ocrx_word' id='word_1_48' title='bbox 938 695 1079 774; x_wconf 83' lang='lat' dir='ltr'>frequens</span> 
     </span>
     <span class='ocr_line' id='line_1_7' title="bbox 72 781 1078 865; baseline -0.001 -21"><span class='ocrx_word' id='word_1_49' title='bbox 72 783 184 864; x_wconf 86' lang='lat' dir='ltr'>adesse,</span> <span class='ocrx_word' id='word_1_50' title='bbox 199 783 314 843; x_wconf 88' lang='lat' dir='ltr'>laudem</span> <span class='ocrx_word' id='word_1_51' title='bbox 330 785 470 863; x_wconf 81' lang='lat' dir='ltr'>strenuis,</span> <span class='ocrx_word' id='word_1_52' title='bbox 489 781 631 843; x_wconf 91' lang='lat' dir='ltr'>solacium</span> <span class='ocrx_word' id='word_1_53' title='bbox 645 783 790 865; x_wconf 81' lang='lat' dir='ltr'>invalidis,</span> <span class='ocrx_word' id='word_1_54' title='bbox 805 783 971 863; x_wconf 88' lang='lat' dir='ltr'>exemplum</span> <span class='ocrx_word' id='word_1_55' title='bbox 986 786 1078 843; x_wconf 90' lang='lat' dir='ltr'>omni·</span> 
     </span>
     <span class='ocr_line' id='line_1_8' title="bbox 72 869 1080 952; baseline -0.001 -19"><span class='ocrx_word' id='word_1_56' title='bbox 72 871 128 933; x_wconf 89' lang='lat' dir='ltr'>bus</span> <span class='ocrx_word' id='word_1_57' title='bbox 142 871 308 932; x_wconf 87' lang='lat' dir='ltr'>ostendere.</span> <span class='ocrx_word' id='word_1_58' title='bbox 337 869 444 931; x_wconf 85' lang='lat' dir='ltr'>dehinc</span> <span class='ocrx_word' id='word_1_59' title='bbox 463 872 531 949; x_wconf 90' lang='lat' dir='ltr'>quia</span> <span class='ocrx_word' id='word_1_60' title='bbox 549 870 689 932; x_wconf 86' lang='lat' dir='ltr'>duritiam</span> <span class='ocrx_word' id='word_1_61' title='bbox 706 871 782 934; x_wconf 87' lang='lat' dir='ltr'>caeli</span> <span class='ocrx_word' id='word_1_62' title='bbox 800 873 980 952; x_wconf 90' lang='lat' dir='ltr'>militiaeque</span> <span class='ocrx_word' id='word_1_63' title='bbox 994 873 1080 932; x_wconf 91' lang='lat' dir='ltr'>multi</span> 
     </span>
     <span class='ocr_line' id='line_1_9' title="bbox 72 957 1120 1039; baseline 0 -19"><span class='ocrx_word' id='word_1_64' title='bbox 72 959 242 1020; x_wconf 89' lang='lat' dir='ltr'>abnuebant</span> <span class='ocrx_word' id='word_1_65' title='bbox 264 957 512 1038; x_wconf 88' lang='lat' dir='ltr'>deserebantque,</span> <span class='ocrx_word' id='word_1_66' title='bbox 540 960 704 1021; x_wconf 89' lang='lat' dir='ltr'>remedium</span> <span class='ocrx_word' id='word_1_67' title='bbox 733 963 890 1023; x_wconf 86' lang='lat' dir='ltr'>severitate</span> <span class='ocrx_word' id='word_1_68' title='bbox 913 963 1080 1039; x_wconf 88' lang='lat' dir='ltr'>quaesitum</span> <span class='ocrx_word' id='word_1_69' title='bbox 1094 975 1120 1015; x_wconf 79' lang='lat'>20</span> 
     </span>
     <span class='ocr_line' id='line_1_10' title="bbox 73 1047 1079 1129; baseline 0.001 -20"><span class='ocrx_word' id='word_1_70' title='bbox 73 1056 127 1109; x_wconf 89' lang='lat' dir='ltr'>est.</span> <span class='ocrx_word' id='word_1_71' title='bbox 164 1064 220 1108; x_wconf 94' lang='lat' dir='ltr'>nec</span> <span class='ocrx_word' id='word_1_72' title='bbox 239 1049 330 1128; x_wconf 89' lang='lat' dir='ltr'>onim,</span> <span class='ocrx_word' id='word_1_73' title='bbox 349 1048 433 1107; x_wconf 93' lang='lat' dir='ltr'>utin</span> <span class='ocrx_word' id='word_1_74' title='bbox 452 1047 516 1108; x_wconf 91' lang='lat' dir='ltr'>aliis</span> <span class='ocrx_word' id='word_1_75' title='bbox 534 1048 729 1129; x_wconf 83' lang='lat' dir='ltr'>exercitibus,</span> <span class='ocrx_word' id='word_1_76' title='bbox 747 1051 875 1128; x_wconf 90' lang='lat' dir='ltr'>primum</span> <span class='ocrx_word' id='word_1_77' title='bbox 895 1049 1079 1127; x_wconf 89' lang='lat' dir='ltr'>alterumque</span> 
     </span>
     <span class='ocr_line' id='line_1_11' title="bbox 73 1133 1080 1219; baseline 0 -22"><span class='ocrx_word' id='word_1_78' title='bbox 73 1136 214 1197; x_wconf 88' lang='lat' dir='ltr'>delictum</span> <span class='ocrx_word' id='word_1_79' title='bbox 232 1136 317 1195; x_wconf 84' lang='lat' dir='ltr'>venia</span> <span class='ocrx_word' id='word_1_80' title='bbox 333 1133 583 1215; x_wconf 88' lang='lat' dir='ltr'>prosequebatur,</span> <span class='ocrx_word' id='word_1_81' title='bbox 601 1136 654 1197; x_wconf 90' lang='lat' dir='ltr'>sed</span> <span class='ocrx_word' id='word_1_82' title='bbox 668 1140 719 1216; x_wconf 91' lang='lat' dir='ltr'>qui</span> <span class='ocrx_word' id='word_1_83' title='bbox 734 1140 816 1216; x_wconf 87' lang='lat' dir='ltr'>signa</span> <span class='ocrx_word' id='word_1_84' title='bbox 830 1137 1003 1219; x_wconf 87' lang='lat' dir='ltr'>reliquerat,</span> <span class='ocrx_word' id='word_1_85' title='bbox 1023 1145 1080 1197; x_wconf 92' lang='lat' dir='ltr'>sta·</span> 
     </span>
     <span class='ocr_line' id='line_1_12' title="bbox 73 1222 1080 1303; baseline -0.001 -16"><span class='ocrx_word' id='word_1_86' title='bbox 73 1229 127 1287; x_wconf 92' lang='lat' dir='ltr'>tim</span> <span class='ocrx_word' id='word_1_87' title='bbox 141 1226 235 1303; x_wconf 88' lang='lat' dir='ltr'>capite</span> <span class='ocrx_word' id='word_1_88' title='bbox 254 1240 368 1302; x_wconf 87' lang='lat' dir='ltr'>poenas.</span> <span class='ocrx_word' id='word_1_89' title='bbox 382 1222 490 1284; x_wconf 91' lang='lat' dir='ltr'>luebat.</span> <span class='ocrx_word' id='word_1_90' title='bbox 521 1223 611 1302; x_wconf 86' lang='lat' dir='ltr'>idque</span> <span class='ocrx_word' id='word_1_91' title='bbox 629 1242 687 1285; x_wconf 91' lang='lat' dir='ltr'>usu</span> <span class='ocrx_word' id='word_1_92' title='bbox 701 1224 819 1286; x_wconf 84' lang='lat' dir='ltr'>salubre</span> <span class='ocrx_word' id='word_1_93' title='bbox 833 1233 863 1286; x_wconf 90' lang='lat' dir='ltr'>et</span> <span class='ocrx_word' id='word_1_94' title='bbox 878 1225 1080 1286; x_wconf 84' lang='lat' dir='ltr'>misericordia</span> 
     </span>
     <span class='ocr_line' id='line_1_13' title="bbox 73 1312 1079 1392; baseline -0.002 -17"><span class='ocrx_word' id='word_1_95' title='bbox 73 1313 179 1375; x_wconf 91' lang='lat' dir='ltr'>melius</span> <span class='ocrx_word' id='word_1_96' title='bbox 194 1315 343 1391; x_wconf 90' lang='lat' dir='ltr'>apparuit:</span> <span class='ocrx_word' id='word_1_97' title='bbox 358 1315 467 1391; x_wconf 90' lang='lat' dir='ltr'>quippe</span> <span class='ocrx_word' id='word_1_98' title='bbox 479 1315 636 1392; x_wconf 86' lang='lat' dir='ltr'>pauciores</span> <span class='ocrx_word' id='word_1_99' title='bbox 649 1312 699 1373; x_wconf 92' lang='lat' dir='ltr'>illa</span> <span class='ocrx_word' id='word_1_100' title='bbox 713 1321 808 1374; x_wconf 89' lang='lat' dir='ltr'>castra</span> <span class='ocrx_word' id='word_1_101' title='bbox 822 1313 982 1374; x_wconf 89' lang='lat' dir='ltr'>deseruere</span> <span class='ocrx_word' id='word_1_102' title='bbox 993 1331 1079 1392; x_wconf 92' lang='lat' dir='ltr'>quam</span> 
     </span>
     <span class='ocr_line' id='line_1_14' title="bbox 74 1400 1121 1482; baseline -0.007 -19"><span class='ocrx_word' id='word_1_103' title='bbox 74 1419 121 1482; x_wconf 91' lang='lat' dir='ltr'>ca,</span> <span class='ocrx_word' id='word_1_104' title='bbox 135 1405 166 1460; x_wconf 95' lang='lat' dir='ltr'>in</span> <span class='ocrx_word' id='word_1_105' title='bbox 180 1400 289 1479; x_wconf 89' lang='lat' dir='ltr'>quibus</span> <span class='ocrx_word' id='word_1_106' title='bbox 303 1400 520 1479; x_wconf 73' lang='lat' dir='ltr'>ignoscebatur,</span> <span class='ocrx_word' id='word_1_107' title='bbox 1095 1417 1121 1456; x_wconf 72' lang='lat' dir='ltr'>aa</span> 
     </span>
    </p>

    <p class='ocr_par' dir='ltr' id='par_1_4' title="bbox 74 1486 1123 2700">
     <span class='ocr_line' id='line_1_15' title="bbox 141 1486 1080 1568; baseline -0.002 -18"><span class='ocrx_word' id='word_1_108' title='bbox 141 1486 192 1550; x_wconf 83' lang='lat'>36.</span> <span class='ocrx_word' id='word_1_109' title='bbox 211 1488 334 1550; x_wconf 86' lang='lat' dir='ltr'>Interim</span> <span class='ocrx_word' id='word_1_110' title='bbox 348 1487 476 1550; x_wconf 83' lang='lat' dir='ltr'>Corbulo</span> <span class='ocrx_word' id='word_1_111' title='bbox 496 1488 662 1568; x_wconf 83' lang='lat' dir='ltr'>legionibus</span> <span class='ocrx_word' id='word_1_112' title='bbox 680 1492 758 1549; x_wconf 90' lang='lat' dir='ltr'>intra</span> <span class='ocrx_word' id='word_1_113' title='bbox 776 1497 872 1549; x_wconf 88' lang='lat' dir='ltr'>castra</span> <span class='ocrx_word' id='word_1_114' title='bbox 890 1488 1080 1568; x_wconf 84' lang='lat' dir='ltr'>habitis,‘do-</span> 
     </span>
     <span class='ocr_line' id='line_1_16' title="bbox 74 1576 1080 1658; baseline -0.003 -19"><span class='ocrx_word' id='word_1_115' title='bbox 74 1596 131 1639; x_wconf 91' lang='lat' dir='ltr'>nec</span> <span class='ocrx_word' id='word_1_116' title='bbox 148 1594 200 1638; x_wconf 85' lang='lat' dir='ltr'>rer</span> <span class='ocrx_word' id='word_1_117' title='bbox 217 1577 413 1658; x_wconf 89' lang='lat' dir='ltr'>adolesceret,</span> <span class='ocrx_word' id='word_1_118' title='bbox 436 1577 646 1658; x_wconf 87' lang='lat' dir='ltr'>dispositisque</span> <span class='ocrx_word' id='word_1_119' title='bbox 665 1595 721 1656; x_wconf 89' lang='lat' dir='ltr'>per</span> <span class='ocrx_word' id='word_1_120' title='bbox 737 1577 860 1638; x_wconf 91' lang='lat' dir='ltr'>idoneos</span> <span class='ocrx_word' id='word_1_121' title='bbox 878 1577 959 1638; x_wconf 90' lang='lat' dir='ltr'>locos</span> <span class='ocrx_word' id='word_1_122' title='bbox 978 1576 1080 1637; x_wconf 92' lang='lat' dir='ltr'>cobor-</span> 
     </span>
     <span class='ocr_line' id='line_1_17' title="bbox 74 1665 1081 1746; baseline -0.001 -20"><span class='ocrx_word' id='word_1_123' title='bbox 74 1666 155 1726; x_wconf 89' lang='lat' dir='ltr'>tibus</span> <span class='ocrx_word' id='word_1_124' title='bbox 165 1666 333 1745; x_wconf 80' lang='lat' dir='ltr'>arixiliariis,</span> <span class='ocrx_word' id='word_1_125' title='bbox 343 1684 380 1727; x_wconf 92' lang='lat' dir='ltr'>ne</span> <span class='ocrx_word' id='word_1_126' title='bbox 390 1684 518 1746; x_wconf 90' lang='lat' dir='ltr'>pugnam</span> <span class='ocrx_word' id='word_1_127' title='bbox 528 1669 643 1746; x_wconf 90' lang='lat' dir='ltr'>priores</span> <span class='ocrx_word' id='word_1_128' title='bbox 654 1665 799 1727; x_wconf 87' lang='lat' dir='ltr'>auderent</span> <span class='ocrx_word' id='word_1_129' title='bbox 808 1665 964 1744; x_wconf 89' lang='lat' dir='ltr'>praedicit:</span> <span class='ocrx_word' id='word_1_130' title='bbox 979 1683 1081 1726; x_wconf 89' lang='lat' dir='ltr'>curam</span> 
     </span>
     <span class='ocr_line' id='line_1_18' title="bbox 75 1753 1081 1834; baseline -0.003 -18"><span class='ocrx_word' id='word_1_131' title='bbox 75 1755 291 1833; x_wconf 90' lang='lat' dir='ltr'>praesidiorum</span> <span class='ocrx_word' id='word_1_132' title='bbox 303 1753 408 1815; x_wconf 89' lang='lat' dir='ltr'>Paccio</span> <span class='ocrx_word' id='word_1_133' title='bbox 423 1754 517 1815; x_wconf 82' lang='lat' dir='ltr'>Ortito</span> <span class='ocrx_word' id='word_1_134' title='bbox 531 1756 620 1834; x_wconf 91' lang='lat' dir='ltr'>primi</span> <span class='ocrx_word' id='word_1_135' title='bbox 633 1753 686 1832; x_wconf 92' lang='lat' dir='ltr'>pili</span> <span class='ocrx_word' id='word_1_136' title='bbox 700 1753 812 1814; x_wconf 90' lang='lat' dir='ltr'>honore</span> <span class='ocrx_word' id='word_1_137' title='bbox 830 1755 987 1833; x_wconf 79' lang='lat' dir='ltr'>perfuncto</span> <span class='ocrx_word' id='word_1_138' title='bbox 1001 1771 1081 1813; x_wconf 91' lang='lat' dir='ltr'>man-</span> 
     </span>
     <span class='ocr_line' id='line_1_19' title="bbox 75 1840 1108 1922; baseline -0.002 -19"><span class='ocrx_word' id='word_1_139' title='bbox 75 1844 133 1904; x_wconf 87' lang='lat' dir='ltr'>dat.</span> <span class='ocrx_word' id='word_1_140' title='bbox 169 1846 195 1904; x_wconf 88' lang='lat' dir='ltr'>is</span> <span class='ocrx_word' id='word_1_141' title='bbox 218 1860 396 1922; x_wconf 90' lang='lat' dir='ltr'>quamquam</span> <span class='ocrx_word' id='word_1_142' title='bbox 418 1845 552 1904; x_wconf 92' lang='lat' dir='ltr'>incautos</span> <span class='ocrx_word' id='word_1_143' title='bbox 575 1842 717 1903; x_wconf 89' lang='lat' dir='ltr'>barbaros</span> <span class='ocrx_word' id='word_1_144' title='bbox 734 1849 766 1902; x_wconf 91' lang='lat' dir='ltr'>et</span> <span class='ocrx_word' id='word_1_145' title='bbox 778 1840 859 1902; x_wconf 87' lang='lat' dir='ltr'>bene</span> <span class='ocrx_word' id='word_1_146' title='bbox 877 1842 1023 1921; x_wconf 86' lang='lat' dir='ltr'>gerendae</span> <span class='ocrx_word' id='word_1_147' title='bbox 1037 1843 1108 1901; x_wconf 79' lang='lat' dir='ltr'>reis</span> 
     </span>
     <span class='ocr_line' id='line_1_20' title="bbox 75 1932 1081 2013; baseline -0.003 -20"><span class='ocrx_word' id='word_1_148' title='bbox 75 1950 176 1993; x_wconf 87' lang='lat' dir='ltr'>casum</span> <span class='ocrx_word' id='word_1_149' title='bbox 199 1932 299 1992; x_wconf 88' lang='lat' dir='ltr'>ollerri</span> <span class='ocrx_word' id='word_1_150' title='bbox 322 1933 493 2013; x_wconf 88' lang='lat' dir='ltr'>scripserat,</span> <span class='ocrx_word' id='word_1_151' title='bbox 517 1940 619 1992; x_wconf 89' lang='lat' dir='ltr'>tenere</span> <span class='ocrx_word' id='word_1_152' title='bbox 642 1949 674 1992; x_wconf 92' lang='lat' dir='ltr'>se</span> <span class='ocrx_word' id='word_1_153' title='bbox 698 1933 887 1991; x_wconf 90' lang='lat' dir='ltr'>munimentis</span> <span class='ocrx_word' id='word_1_154' title='bbox 907 1938 936 1991; x_wconf 89' lang='lat' dir='ltr'>et</span> <span class='ocrx_word' id='word_1_155' title='bbox 955 1932 1081 1991; x_wconf 89' lang='lat' dir='ltr'>maiores</span> 
     </span>
     <span class='ocr_line' id='line_1_21' title="bbox 75 2020 1081 2101; baseline -0.004 -19"><span class='ocrx_word' id='word_1_156' title='bbox 75 2024 173 2100; x_wconf 92' lang='lat' dir='ltr'>copias</span> <span class='ocrx_word' id='word_1_157' title='bbox 184 2022 315 2100; x_wconf 89' lang='lat' dir='ltr'>opperiri</span> <span class='ocrx_word' id='word_1_158' title='bbox 329 2020 457 2082; x_wconf 87' lang='lat' dir='ltr'>iubetur.</span> <span class='ocrx_word' id='word_1_159' title='bbox 484 2020 538 2082; x_wconf 90' lang='lat' dir='ltr'>sed</span> <span class='ocrx_word' id='word_1_160' title='bbox 551 2027 640 2099; x_wconf 85' lang='lat' dir='ltr'>rupto</span> <span class='ocrx_word' id='word_1_161' title='bbox 654 2021 788 2101; x_wconf 88' lang='lat' dir='ltr'>imperio,</span> <span class='ocrx_word' id='word_1_162' title='bbox 802 2026 960 2099; x_wconf 92' lang='lat' dir='ltr'>postquam</span> <span class='ocrx_word' id='word_1_163' title='bbox 971 2036 1081 2098; x_wconf 87' lang='lat' dir='ltr'>paucae</span> 
     </span>
     <span class='ocr_line' id='line_1_22' title="bbox 74 2108 1083 2190; baseline -0.004 -20"><span class='ocrx_word' id='word_1_164' title='bbox 74 2129 91 2170; x_wconf 92' lang='lat' dir='ltr'>e</span> <span class='ocrx_word' id='word_1_165' title='bbox 105 2113 248 2190; x_wconf 80' lang='lat' dir='ltr'>proximis</span> <span class='ocrx_word' id='word_1_166' title='bbox 262 2108 390 2170; x_wconf 89' lang='lat' dir='ltr'>castellis</span> <span class='ocrx_word' id='word_1_167' title='bbox 404 2116 519 2171; x_wconf 87' lang='lat' dir='ltr'>turmae</span> <span class='ocrx_word' id='word_1_168' title='bbox 533 2108 713 2170; x_wconf 89' lang='lat' dir='ltr'>advenerant</span> <span class='ocrx_word' id='word_1_169' title='bbox 725 2125 914 2188; x_wconf 91' lang='lat' dir='ltr'>pugnamque</span> <span class='ocrx_word' id='word_1_170' title='bbox 934 2109 1083 2187; x_wconf 86' lang='lat' dir='ltr'>imperitia</span> 
     </span>
     <span class='ocr_line' id='line_1_23' title="bbox 74 2196 1082 2280; baseline -0.004 -20"><span class='ocrx_word' id='word_1_171' title='bbox 74 2199 248 2280; x_wconf 88' lang='lat' dir='ltr'>poscebant,</span> <span class='ocrx_word' id='word_1_172' title='bbox 272 2216 449 2276; x_wconf 88' lang='lat' dir='ltr'>congressus</span> <span class='ocrx_word' id='word_1_173' title='bbox 467 2216 535 2259; x_wconf 93' lang='lat' dir='ltr'>cum</span> <span class='ocrx_word' id='word_1_174' title='bbox 559 2198 643 2258; x_wconf 91' lang='lat' dir='ltr'>hoste</span> <span class='ocrx_word' id='word_1_175' title='bbox 666 2198 809 2259; x_wconf 80' lang='lat' dir='ltr'>funditur.</span> <span class='ocrx_word' id='word_1_176' title='bbox 841 2204 872 2257; x_wconf 92' lang='lat' dir='ltr'>et</span> <span class='ocrx_word' id='word_1_177' title='bbox 890 2196 998 2257; x_wconf 88' lang='lat' dir='ltr'>damno</span> <span class='ocrx_word' id='word_1_178' title='bbox 1016 2197 1082 2256; x_wconf 89' lang='lat' dir='ltr'>eius</span> 
     </span>
     <span class='ocr_line' id='line_1_24' title="bbox 75 2285 1123 2366; baseline -0.003 -19"><span class='ocrx_word' id='word_1_179' title='bbox 75 2289 210 2347; x_wconf 88' lang='lat' dir='ltr'>exterriti</span> <span class='ocrx_word' id='word_1_180' title='bbox 223 2289 276 2366; x_wconf 93' lang='lat' dir='ltr'>qui</span> <span class='ocrx_word' id='word_1_181' title='bbox 288 2286 455 2349; x_wconf 89' lang='lat' dir='ltr'>subsidium</span> <span class='ocrx_word' id='word_1_182' title='bbox 468 2287 548 2348; x_wconf 86' lang='lat' dir='ltr'>ferre</span> <span class='ocrx_word' id='word_1_183' title='bbox 558 2285 730 2366; x_wconf 83' lang='lat' dir='ltr'>debuerant,</span> <span class='ocrx_word' id='word_1_184' title='bbox 745 2304 797 2346; x_wconf 93' lang='lat' dir='ltr'>sua</span> <span class='ocrx_word' id='word_1_185' title='bbox 809 2287 935 2364; x_wconf 90' lang='lat' dir='ltr'>quisque</span> <span class='ocrx_word' id='word_1_186' title='bbox 944 2287 975 2345; x_wconf 95' lang='lat' dir='ltr'>in</span> <span class='ocrx_word' id='word_1_187' title='bbox 986 2292 1082 2346; x_wconf 90' lang='lat' dir='ltr'>castra</span> <span class='ocrx_word' id='word_1_188' title='bbox 1098 2300 1123 2340; x_wconf 79' lang='grc' dir='ltr'>ιο</span> 
     </span>
     <span class='ocr_line' id='line_1_25' title="bbox 75 2373 1082 2454; baseline -0.004 -17"><span class='ocrx_word' id='word_1_189' title='bbox 75 2376 189 2454; x_wconf 91' lang='lat' dir='ltr'>trepida</span> <span class='ocrx_word' id='word_1_190' title='bbox 211 2376 279 2452; x_wconf 88' lang='lat' dir='ltr'>luga</span> <span class='ocrx_word' id='word_1_191' title='bbox 296 2375 422 2436; x_wconf 87' lang='lat' dir='ltr'>rediere.</span> <span class='ocrx_word' id='word_1_192' title='bbox 458 2375 537 2454; x_wconf 94' lang='lat' dir='ltr'>quod</span> <span class='ocrx_word' id='word_1_193' title='bbox 556 2377 684 2452; x_wconf 79' lang='lat' dir='ltr'>grauiter</span> <span class='ocrx_word' id='word_1_194' title='bbox 703 2373 830 2434; x_wconf 84' lang='lat' dir='ltr'>Corbulo</span> <span class='ocrx_word' id='word_1_195' title='bbox 854 2376 969 2452; x_wconf 87' lang='lat' dir='ltr'>accepit</span> <span class='ocrx_word' id='word_1_196' title='bbox 987 2375 1082 2434; x_wconf 91' lang='lat' dir='ltr'>incre·</span> 
     </span>
     <span class='ocr_line' id='line_1_26' title="bbox 75 2459 1083 2543; baseline -0.006 -19"><span class='ocrx_word' id='word_1_197' title='bbox 75 2467 228 2543; x_wconf 89' lang='lat' dir='ltr'>pitumque</span> <span class='ocrx_word' id='word_1_198' title='bbox 239 2463 377 2524; x_wconf 91' lang='lat' dir='ltr'>Paccium</span> <span class='ocrx_word' id='word_1_199' title='bbox 391 2470 421 2522; x_wconf 91' lang='lat' dir='ltr'>et</span> <span class='ocrx_word' id='word_1_200' title='bbox 434 2463 600 2541; x_wconf 87' lang='lat' dir='ltr'>praefectos</span> <span class='ocrx_word' id='word_1_201' title='bbox 613 2461 781 2540; x_wconf 89' lang='lat' dir='ltr'>militesque</span> <span class='ocrx_word' id='word_1_202' title='bbox 795 2461 918 2522; x_wconf 88' lang='lat' dir='ltr'>tendere</span> <span class='ocrx_word' id='word_1_203' title='bbox 932 2467 1016 2521; x_wconf 84' lang='lat' dir='ltr'>extra</span> <span class='ocrx_word' id='word_1_204' title='bbox 1026 2459 1083 2519; x_wconf 88' lang='lat' dir='ltr'>val·</span> 
     </span>
     <span class='ocr_line' id='line_1_27' title="bbox 75 2547 1083 2632; baseline -0.003 -21"><span class='ocrx_word' id='word_1_205' title='bbox 75 2553 137 2613; x_wconf 92' lang='lat' dir='ltr'>lum</span> <span class='ocrx_word' id='word_1_206' title='bbox 159 2555 260 2632; x_wconf 81' lang='lat' dir='ltr'>iussit3</span> <span class='ocrx_word' id='word_1_207' title='bbox 283 2554 373 2629; x_wconf 90' lang='lat' dir='ltr'>inque</span> <span class='ocrx_word' id='word_1_208' title='bbox 397 2567 431 2610; x_wconf 88' lang='lat' dir='ltr'>ea</span> <span class='ocrx_word' id='word_1_209' title='bbox 450 2549 628 2610; x_wconf 89' lang='lat' dir='ltr'>contumelia</span> <span class='ocrx_word' id='word_1_210' title='bbox 649 2550 761 2610; x_wconf 88' lang='lat' dir='ltr'>detenti</span> <span class='ocrx_word' id='word_1_211' title='bbox 783 2566 840 2609; x_wconf 92' lang='lat' dir='ltr'>nec</span> <span class='ocrx_word' id='word_1_212' title='bbox 863 2551 920 2608; x_wconf 91' lang='lat' dir='ltr'>uisi</span> <span class='ocrx_word' id='word_1_213' title='bbox 943 2547 1083 2626; x_wconf 90' lang='lat' dir='ltr'>precibus</span> 
     </span>
     <span class='ocr_line' id='line_1_28' title="bbox 76 2637 604 2700; baseline -0.004 0"><span class='ocrx_word' id='word_1_214' title='bbox 76 2642 209 2700; x_wconf 91' lang='lat' dir='ltr'>universi</span> <span class='ocrx_word' id='word_1_215' title='bbox 222 2641 371 2699; x_wconf 86' lang='lat' dir='ltr'>exercitus</span> <span class='ocrx_word' id='word_1_216' title='bbox 385 2637 513 2699; x_wconf 88' lang='lat' dir='ltr'>exsoluti</span> <span class='ocrx_word' id='word_1_217' title='bbox 526 2645 604 2698; x_wconf 73' lang='lat' dir='ltr'>sunt,</span> 
     </span>
    </p>

    <p class='ocr_par' dir='ltr' id='par_1_5' title="bbox 74 2723 1111 3250">
     <span class='ocr_line' id='line_1_29' title="bbox 143 2723 1084 2804; baseline -0.005 -15"><span class='ocrx_word' id='word_1_218' title='bbox 143 2725 194 2789; x_wconf 79' lang='lat'>37.</span> <span class='ocrx_word' id='word_1_219' title='bbox 217 2728 254 2787; x_wconf 79' lang='lat' dir='ltr'>tt</span> <span class='ocrx_word' id='word_1_220' title='bbox 272 2725 418 2786; x_wconf 88' lang='lat' dir='ltr'>Tiridates</span> <span class='ocrx_word' id='word_1_221' title='bbox 437 2743 528 2804; x_wconf 90' lang='lat' dir='ltr'>super</span> <span class='ocrx_word' id='word_1_222' title='bbox 545 2728 681 2804; x_wconf 93' lang='lat' dir='ltr'>proprias</span> <span class='ocrx_word' id='word_1_223' title='bbox 701 2724 854 2786; x_wconf 90' lang='lat' dir='ltr'>clientelas</span> <span class='ocrx_word' id='word_1_224' title='bbox 875 2741 930 2803; x_wconf 94' lang='lat' dir='ltr'>ope</span> <span class='ocrx_word' id='word_1_225' title='bbox 949 2723 1084 2802; x_wconf 88' lang='lat' dir='ltr'>Vologesi</span> 
     </span>
     <span class='ocr_line' id='line_1_30' title="bbox 76 2811 1084 2896; baseline -0.003 -20"><span class='ocrx_word' id='word_1_226' title='bbox 76 2816 176 2878; x_wconf 80' lang='lat' dir='ltr'>fratris</span> <span class='ocrx_word' id='word_1_227' title='bbox 199 2817 330 2896; x_wconf 87' lang='lat' dir='ltr'>adiutus,</span> <span class='ocrx_word' id='word_1_228' title='bbox 352 2832 412 2875; x_wconf 92' lang='lat' dir='ltr'>non</span> <span class='ocrx_word' id='word_1_229' title='bbox 429 2815 533 2875; x_wconf 80' lang='lat' dir='ltr'>furtim</span> <span class='ocrx_word' id='word_1_230' title='bbox 555 2817 626 2894; x_wconf 82' lang='lat' dir='ltr'>iarn,</span> <span class='ocrx_word' id='word_1_231' title='bbox 649 2813 701 2875; x_wconf 92' lang='lat' dir='ltr'>sed</span> <span class='ocrx_word' id='word_1_232' title='bbox 720 2813 815 2893; x_wconf 89' lang='lat' dir='ltr'>palam</span> <span class='ocrx_word' id='word_1_233' title='bbox 834 2811 910 2873; x_wconf 92' lang='lat' dir='ltr'>bello</span> <span class='ocrx_word' id='word_1_234' title='bbox 935 2813 1084 2874; x_wconf 79' lang='lat' dir='ltr'>infensare</span> 
     </span>
     <span class='ocr_line' id='line_1_31' title="bbox 75 2901 1085 2984; baseline -0.005 -18"><span class='ocrx_word' id='word_1_235' title='bbox 75 2906 256 2984; x_wconf 80' lang='lat' dir='ltr'>Armeniam,</span> <span class='ocrx_word' id='word_1_236' title='bbox 281 2920 414 2983; x_wconf 88' lang='lat' dir='ltr'>quosque</span> <span class='ocrx_word' id='word_1_237' title='bbox 438 2903 512 2964; x_wconf 85' lang='lat' dir='ltr'>lidos</span> <span class='ocrx_word' id='word_1_238' title='bbox 535 2903 621 2964; x_wconf 91' lang='lat' dir='ltr'>nobis</span> <span class='ocrx_word' id='word_1_239' title='bbox 640 2902 774 2983; x_wconf 89' lang='lat' dir='ltr'>rebatur,</span> <span class='ocrx_word' id='word_1_240' title='bbox 798 2901 982 2982; x_wconf 86' lang='lat' dir='ltr'>depopulari,</span> <span class='ocrx_word' id='word_1_241' title='bbox 1007 2903 1085 2962; x_wconf 90' lang='lat' dir='ltr'>etsi</span> 
     </span>
     <span class='ocr_line' id='line_1_32' title="bbox 76 2989 1084 3074; baseline -0.006 -19"><span class='ocrx_word' id='word_1_242' title='bbox 76 2996 177 3073; x_wconf 91' lang='lat' dir='ltr'>coplae</span> <span class='ocrx_word' id='word_1_243' title='bbox 199 3001 302 3054; x_wconf 89' lang='lat' dir='ltr'>contra</span> <span class='ocrx_word' id='word_1_244' title='bbox 325 2991 519 3074; x_wconf 86' lang='lat' dir='ltr'>ducerentur,</span> <span class='ocrx_word' id='word_1_245' title='bbox 544 2992 665 3053; x_wconf 89' lang='lat' dir='ltr'>eludere</span> <span class='ocrx_word' id='word_1_246' title='bbox 683 2991 801 3071; x_wconf 90' lang='lat' dir='ltr'>hucque</span> <span class='ocrx_word' id='word_1_247' title='bbox 819 2999 851 3052; x_wconf 91' lang='lat' dir='ltr'>et</span> <span class='ocrx_word' id='word_1_248' title='bbox 868 2991 940 3052; x_wconf 92' lang='lat' dir='ltr'>illuc</span> <span class='ocrx_word' id='word_1_249' title='bbox 959 2989 1084 3050; x_wconf 89' lang='lat' dir='ltr'>volitans</span> 
     </span>
     <span class='ocr_line' id='line_1_33' title="bbox 74 3079 1111 3162; baseline -0.008 -19"><span class='ocrx_word' id='word_1_250' title='bbox 74 3083 161 3162; x_wconf 91' lang='lat' dir='ltr'>plura</span> <span class='ocrx_word' id='word_1_251' title='bbox 179 3083 255 3142; x_wconf 89' lang='lat' dir='ltr'>sama</span> <span class='ocrx_word' id='word_1_252' title='bbox 274 3099 361 3160; x_wconf 89' lang='lat' dir='ltr'>quam</span> <span class='ocrx_word' id='word_1_253' title='bbox 379 3099 478 3160; x_wconf 88' lang='lat' dir='ltr'>pugna</span> <span class='ocrx_word' id='word_1_254' title='bbox 496 3089 656 3142; x_wconf 84' lang='lat' dir='ltr'>exterrere.</span> <span class='ocrx_word' id='word_1_255' title='bbox 693 3082 784 3160; x_wconf 87' lang='lat' dir='ltr'>igitur</span> <span class='ocrx_word' id='word_1_256' title='bbox 803 3079 931 3141; x_wconf 84' lang='lat' dir='ltr'>Corbulo</span> <span class='ocrx_word' id='word_1_257' title='bbox 950 3081 1111 3158; x_wconf 78' lang='lat' dir='ltr'>quaesitos</span> 
     </span>
     <span class='ocr_line' id='line_1_34' title="bbox 75 3167 1084 3250; baseline -0.007 -17"><span class='ocrx_word' id='word_1_258' title='bbox 75 3172 127 3233; x_wconf 92' lang='lat' dir='ltr'>diu</span> <span class='ocrx_word' id='word_1_259' title='bbox 144 3172 257 3250; x_wconf 86' lang='lat' dir='ltr'>proelio</span> <span class='ocrx_word' id='word_1_260' title='bbox 276 3170 385 3231; x_wconf 83' lang='lat' dir='ltr'>frustra</span> <span class='ocrx_word' id='word_1_261' title='bbox 404 3170 522 3231; x_wconf 89' lang='lat' dir='ltr'>babitus</span> <span class='ocrx_word' id='word_1_262' title='bbox 541 3179 571 3231; x_wconf 91' lang='lat' dir='ltr'>et</span> <span class='ocrx_word' id='word_1_263' title='bbox 589 3169 723 3249; x_wconf 87' lang='lat' dir='ltr'>exemplo</span> <span class='ocrx_word' id='word_1_264' title='bbox 742 3168 872 3229; x_wconf 91' lang='lat' dir='ltr'>bostium</span> <span class='ocrx_word' id='word_1_265' title='bbox 891 3167 1084 3229; x_wconf 81' lang='lat' dir='ltr'>circumferre</span> 
     </span>
    </p>
   </div>
   <div class='ocr_carea' id='block_1_4' title="bbox 75 3318 1085 3608">
    <p class='ocr_par' dir='ltr' id='par_1_6' title="bbox 75 3318 1085 3608">
     <span class='ocr_line' id='line_1_35' title="bbox 146 3318 1085 3393; baseline -0.011 -11"><span class='ocrx_word' id='word_1_266' title='bbox 146 3326 192 3391; x_wconf 79' lang='grc'>35,</span> <span class='ocrx_word' id='word_1_267' title='bbox 213 3330 245 3380; x_wconf 79' lang='lat' dir='ltr'>tc</span> <span class='ocrx_word' id='word_1_268' title='bbox 263 3323 339 3379; x_wconf 85' lang='lat' dir='ltr'>fasce</span> <span class='ocrx_word' id='word_1_269' title='bbox 356 3325 360 3393; x_wconf 85' lang='grc' dir='ltr'>Ι</span> <span class='ocrx_word' id='word_1_270' title='bbox 379 3330 410 3378; x_wconf 83' lang='grc'>17</span> <span class='ocrx_word' id='word_1_271' title='bbox 429 3324 494 3391; x_wconf 78' lang='lat' dir='ltr'>euil</span> <span class='ocrx_word' id='word_1_272' title='bbox 513 3329 544 3378; x_wconf 85' lang='grc'>19</span> <span class='ocrx_word' id='word_1_273' title='bbox 564 3321 669 3377; x_wconf 81' lang='lat' dir='ltr'>duritia</span> <span class='ocrx_word' id='word_1_274' title='bbox 692 3328 697 3391; x_wconf 79' lang='grc' dir='ltr'>ι</span> <span class='ocrx_word' id='word_1_275' title='bbox 721 3321 767 3389; x_wconf 75' lang='grc'>86,</span> <span class='ocrx_word' id='word_1_276' title='bbox 787 3328 803 3376; x_wconf 84' lang='grc'><strong>3</strong></span> <span class='ocrx_word' id='word_1_277' title='bbox 822 3318 953 3374; x_wconf 82' lang='lat' dir='ltr'>audirent</span> <span class='ocrx_word' id='word_1_278' title='bbox 972 3322 977 3389; x_wconf 80' lang='grc' dir='ltr'>Ι</span> <span class='ocrx_word' id='word_1_279' title='bbox 999 3318 1085 3373; x_wconf 83' lang='lat' dir='ltr'>edicit</span> 
     </span>
     <span class='ocr_line' id='line_1_36' title="bbox 75 3393 1083 3467; baseline -0.006 -16"><span class='ocrx_word' id='word_1_280' title='bbox 75 3395 112 3451; x_wconf 83' lang='lat' dir='ltr'>al.</span> <span class='ocrx_word' id='word_1_281' title='bbox 128 3398 133 3461; x_wconf 83' lang='lat' dir='ltr'>l</span> <span class='ocrx_word' id='word_1_282' title='bbox 149 3395 273 3467; x_wconf 78' lang='lat' dir='ltr'>tpactio</span> <span class='ocrx_word' id='word_1_283' title='bbox 287 3402 312 3451; x_wconf 84' lang='lat' dir='ltr'>et</span> <span class='ocrx_word' id='word_1_284' title='bbox 327 3393 493 3464; x_wconf 81' lang='lat' dir='ltr'>rapacium,</span> <span class='ocrx_word' id='word_1_285' title='bbox 513 3410 561 3449; x_wconf 72' lang='lat' dir='ltr'>ou.</span> <span class='ocrx_word' id='word_1_286' title='bbox 573 3393 619 3449; x_wconf 79' lang='lat' dir='ltr'>Jo.</span> <span class='ocrx_word' id='word_1_287' title='bbox 633 3393 685 3449; x_wconf 85' lang='lat' dir='ltr'>Fr.</span> <span class='ocrx_word' id='word_1_288' title='bbox 700 3393 854 3447; x_wconf 77' lang='lat' dir='ltr'>Gronovius</span> <span class='ocrx_word' id='word_1_289' title='bbox 869 3394 874 3460; x_wconf 91' lang='grc' dir='ltr'>Ι</span> <span class='ocrx_word' id='word_1_290' title='bbox 891 3397 906 3445; x_wconf 80' lang='lat' dir='ltr'>i</span> <span class='ocrx_word' id='word_1_291' title='bbox 920 3405 1011 3459; x_wconf 82' lang='lat' dir='ltr'>pauca</span> <span class='ocrx_word' id='word_1_292' title='bbox 1023 3396 1039 3444; x_wconf 86' lang='lat'><strong><em>1</em></strong></span> <span class='ocrx_word' id='word_1_293' title='bbox 1050 3407 1083 3445; x_wconf 84' lang='lat' dir='ltr'>m.</span> 
     </span>
     <span class='ocr_line' id='line_1_37' title="bbox 78 3460 1084 3538; baseline -0.005 -19"><span class='ocrx_word' id='word_1_294' title='bbox 78 3464 82 3538; x_wconf 77' lang='lat' dir='ltr'>l</span> <span class='ocrx_word' id='word_1_295' title='bbox 102 3465 148 3533; x_wconf 72' lang='lat'>87,</span> <span class='ocrx_word' id='word_1_296' title='bbox 168 3466 360 3536; x_wconf 83' lang='lat' dir='ltr'>1Vologaesis</span> <span class='ocrx_word' id='word_1_297' title='bbox 375 3467 535 3536; x_wconf 77' lang='lat' dir='ltr'>Nipperdey</span> <span class='ocrx_word' id='word_1_298' title='bbox 550 3468 555 3535; x_wconf 82' lang='grc' dir='ltr'>Ι</span> <span class='ocrx_word' id='word_1_299' title='bbox 570 3470 588 3519; x_wconf 77' lang='lat'>4</span> <span class='ocrx_word' id='word_1_300' title='bbox 602 3463 685 3534; x_wconf 85' lang='lat' dir='ltr'>copie</span> <span class='ocrx_word' id='word_1_301' title='bbox 703 3465 817 3536; x_wconf 77' lang='lat' dir='ltr'>ecoptra</span> <span class='ocrx_word' id='word_1_302' title='bbox 835 3460 983 3518; x_wconf 79' lang='lat' dir='ltr'>duceretur</span> <span class='ocrx_word' id='word_1_303' title='bbox 998 3468 1002 3532; x_wconf 71' lang='lat' dir='ltr'>q</span> <span class='ocrx_word' id='word_1_304' title='bbox 1018 3460 1084 3515; x_wconf 88' lang='lat' dir='ltr'>huc·</span> 
     </span>
     <span class='ocr_line' id='line_1_38' title="bbox 75 3536 477 3608; baseline 0.005 -19"><span class='ocrx_word' id='word_1_305' title='bbox 75 3551 130 3605; x_wconf 89' lang='lat' dir='ltr'>que</span> <span class='ocrx_word' id='word_1_306' title='bbox 148 3536 275 3608; x_wconf 74' lang='lat' dir='ltr'>Lipsius:</span> <span class='ocrx_word' id='word_1_307' title='bbox 294 3536 349 3591; x_wconf 90' lang='lat' dir='ltr'>huc</span> <span class='ocrx_word' id='word_1_308' title='bbox 368 3552 477 3606; x_wconf 85' lang='lat' dir='ltr'>quoque</span> 
     </span>
    </p>
   </div>
   <div class='ocr_carea' id='block_1_5' title="bbox 0 0 1202 3876">
    <p class='ocr_par' dir='ltr' id='par_1_7' title="bbox 0 0 1202 3876">
     <span class='ocr_line' id='line_1_39' title="bbox 0 0 1202 3876; baseline 0 0"><span class='ocrx_word' id='word_1_309' title='bbox 0 0 1202 3876; x_wconf 95' lang='lat' dir='ltr'> </span> 
     </span>
    </p>
   </div>
  </div>
 </body>
</html>
