2392 3876
269 200 318 256 AB
336 200 497 256 EXGESSU
514 199 672 257 AUGUSTI
690 201 749 256 XV.
769 207 885 258 35-38.
1016 204 1081 268 335

71 354 140 414 dine
155 361 198 432 et,
217 370 293 431 quae
308 352 468 432 praecipua
482 368 556 412 cura
568 358 629 430 est,
641 352 687 412 rei
700 347 910 412 frumentariae
923 353 1082 432 angustias,

71 444 98 502 si
116 441 248 521 abesset,
266 442 419 502 metuenti.
452 445 573 500 senatus
592 447 623 500 et
640 441 787 518 primores
806 442 837 500 in
856 442 970 502 incerto
989 449 1082 521 erant,

71 529 181 609 procul·
199 547 236 591 au
259 546 359 590 eoram
382 529 511 588 atrocior
534 526 707 589 haberetur:
735 528 855 609 dehinc,
880 546 954 607 quae
978 536 1083 590 natura

71 620 185 697 maguis
199 617 371 697 timoribus,
386 617 519 678 deterius
533 615 694 677 credebant
708 617 787 696 quod
802 625 949 678 evenerat.
1097 635 1123 674 eo

138 704 190 768 37.
208 705 275 786 lpse
295 724 354 785 quo
369 705 456 766 fidem
472 705 644 783 adquireret
657 705 732 766 nihil
745 723 872 785 usquam
886 706 1010 786 perinde
1024 705 1082 768 lae-

72 807 134 857 tum
154 795 224 875 sibi,
243 794 371 874 publicis
389 793 462 855 locis
481 800 599 855 struere
618 795 751 856 convivia
769 802 890 874 totaque
908 794 983 856 urbe
998 797 1084 875 quasi

71 886 159 946 domo
173 886 226 944 uti.
257 891 286 944 et
300 881 511 945 celeberrimae
525 880 597 944 11111
616 883 751 962 famaque
770 883 875 963 epulae
893 883 991 964 fuere,
1010 901 1084 963 quas

72 992 87 1033 a
102 971 245 1050 Tigellino
260 978 378 1050 paratas
392 977 426 1032 ut
440 970 607 1050 exemplum
625 972 765 1054 releram,
786 990 824 1033 ne
844 975 962 1052 saepius
981 972 1083 1034 eadem

73 1061 260 1140 prodigentia
284 1059 430 1120 narranda
453 1061 500 1120 sit.
537 1061 629 1138 igitur
651 1063 683 1121 iu
706 1069 811 1138 stagno
829 1061 976 1141 Agrippae
996 1060 1110 1122 labri-a

72 1158 156 1211 catus
171 1157 216 1209 est
230 1155 332 1227 ratem,
347 1149 396 1209 cui
410 1151 632 1229 superpositum
646 1151 813 1210 convivium
827 1152 945 1211 narium
960 1149 1083 1212 aliarum

73 1246 171 1299 tractu
189 1244 367 1298 moveretur.
399 1250 488 1297 naves
507 1255 579 1298 auro
598 1244 628 1297 et
646 1236 737 1298 ebore
755 1238 925 1319 distinctae,
944 1240 1084 1318 remiges·

73 1332 130 1408 que
145 1326 253 1388 exoleti
270 1339 325 1405 per
343 1333 454 1387 aetates
473 1333 504 1386 et
521 1327 676 1387 scientiam
694 1324 850 1387 libidinum
870 1327 1083 1405 componeban-

72 1425 130 1477 tur.
167 1416 304 1476 volucres
327 1414 459 1476 etseras
482 1414 607 1475 diversis
629 1433 646 1474 e
669 1415 759 1475 terris
782 1423 814 1474 et
836 1414 971 1475 animalia
993 1417 1084 1475 maris

72 1504 190 1566 Oceano
206 1502 339 1582 abusque
352 1505 506 1582 petiverat.
539 1502 743 1583 crepidinibus
758 1505 855 1582 stagni
868 1503 1020 1582 lupanaria
1034 1504 1082 1563 ad·
1098 1521 1124 1560 11

73 1592 190 1654 stabant
207 1590 385 1653 inlustribus
404 1592 522 1652 leminis
540 1591 700 1672 completa,
723 1599 754 1652 et
771 1599 875 1653 eontra
893 1598 992 1653 scorta
1010 1593 1084 1652 rise-

73 1681 182 1743 hantur
199 1679 288 1741 nudis
307 1680 491 1759 corporibus.
522 1681 581 1741 iam
599 1687 701 1759 gestus
720 1687 878 1759 motusque
895 1680 1031 1760 obsceni3
1055 1689 1085 1741 et

73 1777 230 1848 postquam
252 1768 392 1831 tenebrae
415 1768 604 1850 incedebant,
628 1776 771 1849 quantum
796 1771 878 1830 iuxta
901 1771 1031 1830 nemoris
1055 1777 1085 1829 et

73 1860 263 1920 circumiecta
287 1864 365 1919 tecta
388 1875 551 1919 consonare
574 1866 663 1920 cantu
681 1866 712 1919 et
730 1857 893 1919 luminibus
911 1856 1083 1919 clarescere.

72 1950 137 2026 ipse
156 1964 210 2026 per
228 1945 309 2007 licita
327 1953 415 2026 atque
434 1944 547 2007 inlicita
561 1946 696 2008 foedatus
709 1946 784 2007 nihil
797 1945 901 2027 flagitii
915 1946 1084 2028 reliquerat,
1100 1962 1125 2003 15

73 2054 132 2115 quo
151 2036 321 2114 corruptior
338 2043 452 2115 ageret,
470 2036 530 2096 nisi
547 2053 658 2114 paucos
675 2043 745 2114 post
757 2035 822 2096 dies
835 2036 889 2097 uni
903 2054 939 2096 ex
952 2035 1002 2096 illo
1017 2053 1085 2097 eon-

72 2126 282 2186 taminatorum
301 2141 389 2203 grege
410 2117 533 2207 (nomen
551 2123 733 2205 Pythagorae
752 2117 823 2206 luit)
840 2125 872 2185 in
890 2125 1011 2185 modum
1030 2124 1086 2186 sol-

72 2214 214 2274 lemnium
233 2214 439 2292 coniugiorum
453 2213 650 2291 denupsisset.
677 2214 806 2275 inditum
819 2213 992 2292 imperatori
1005 2212 1085 2274 llam·

74 2319 186 2382 meum,
205 2303 261 2361 visi
275 2303 425 2380 auspices,
443 2302 497 2362 dos
511 2308 542 2362 et
556 2301 679 2381 genialis
693 2309 778 2363 torus
793 2311 822 2363 et
836 2302 915 2364 laces
929 2301 1085 2383 nuptiales,

74 2395 181 2450 cuneta
195 2388 322 2466 denique
337 2396 481 2470 spectata,
495 2408 571 2468 quae
585 2392 674 2451 etiam
687 2392 718 2451 111
733 2391 842 2451 semina
856 2408 915 2452 nox
929 2393 1038 2469 operit.
1100 2406 1125 2445 eo

140 2474 192 2539 38.
217 2475 359 2555 Sequitur
381 2475 493 2557 clades,
517 2478 594 2537 sorte
617 2495 654 2537 an
677 2477 743 2538 dolo
767 2480 912 2557 principis
937 2480 1085 2538 incertum

73 2559 158 2648 (nam
172 2572 332 2643 utrumque
346 2572 485 2628 airctores
498 2558 681 2648 prodidere),
697 2565 748 2625 sed
763 2564 910 2646 omnibus,
925 2583 1000 2645 quae
1015 2566 1085 2626 huic

74 2653 142 2715 urbi
151 2671 206 2733 per
215 2653 384 2714 violentiam
393 2655 507 2732 ignium
517 2653 698 2734 acciderunt,
713 2655 830 2733 gravior
845 2661 933 2732 atque
949 2657 1085 2716 atrocior.

73 2744 191 2804 initium
205 2745 237 2803 111
250 2759 285 2802 11
298 2749 382 2819 parte
396 2743 471 2803 circi
484 2750 591 2821 ortum,
606 2759 681 2821 quae
692 2740 822 2803 Palatino
833 2741 989 2822 Caelioque
1004 2761 1085 2804 mou-

74 2830 154 2893 tibus
168 2832 307 2910 contigua
321 2839 380 2911 est,
394 2829 514 2910 ubiper
528 2829 675 2912 tabernas,
690 2829 799 2910 quibus
812 2831 843 2892 id
859 2834 1084 2893 mercimonium
1099 2846 1112 2887 a

73 2923 182 3001 inerat,
202 2937 260 2999 quo
274 2919 390 2980 llamma
405 2918 507 2999 alitur,
527 2918 616 2980 simul
629 2928 754 2999 coeptus
767 2921 845 2998 ignis
859 2927 890 2982 et
904 2922 1002 2981 statim
1017 2921 1085 2981 vali-

73 3009 130 3070 dus
144 3027 178 3069 ac
192 3015 279 3069 vento
294 3009 372 3070 citus
386 3009 601 3088 longitudinem
615 3010 689 3070 circi
708 3010 861 3088 corripuit.
889 3027 987 3089 neque
1006 3012 1085 3070 enim

72 3099 179 3159 domus
196 3099 388 3159 munimentis
408 3106 526 3177 saeptae
546 3097 592 3158 vel
605 3096 714 3178 templa
728 3100 823 3158 muris
837 3100 934 3160 cincta
948 3104 999 3158 aut
1014 3098 1085 3176 quid

73 3186 152 3248 aliud
161 3204 261 3249 morae
271 3186 472 3248 interiacebat.
495 3189 608 3267 impetu
618 3194 809 3266 pervagatum
819 3186 989 3249 incendium
999 3187 1086 3265 plana

73 3278 215 3357 primum,
240 3275 346 3336 deinde
369 3278 400 3336 iu
419 3275 496 3336 edita
515 3274 679 3355 adsurgens
697 3283 728 3337 et
746 3293 853 3337 rursus
871 3276 1013 3335 inferiora
1034 3290 1125 3354 po·10

145 3479 191 3548 87,
210 3486 228 3536 t
245 3482 373 3552 exemplu
389 3485 393 3550 Ι
411 3488 443 3536 12
462 3481 556 3536 Jestus
572 3483 577 3551 Ι
595 3487 627 3536 19
644 3480 700 3536 visi
715 3481 878 3538 Rhenanus:
896 3478 976 3535 misit
993 3479 1084 3550 (missi

72 3550 201 3621 Lepsios,
219 3552 300 3608 missi
314 3555 344 3608 eb
356 3553 515 3622 Ddderleo‘n,
530 3553 594 3622 fort.
608 3549 664 3608 risi
678 3553 717 3622 eb)
733 3554 739 3623 1
754 3552 800 3624 88,
814 3559 830 3609 3
846 3551 1009 3608 occiderunt
1023 3558 1082 3608 111.
