2392 3876
118 169 161 231 46
345 156 347 159 ’
473 166 642 224 coenum
659 168 778 225 uncam

119 316 281 378 nistrandis
291 317 519 398 equis3longum
529 316 809 395 impedimentorum
817 334 921 395 agmen
929 328 1130 397 opportunum

119 405 156 466 ad
170 405 302 486 insidias,
316 404 539 475 defensantibus
552 407 697 483 iniquum.
716 407 781 466 atsi
790 424 871 467 mare
881 408 1018 487 intretur,
1032 426 1129 486 prom·

118 500 200 572 ptam
219 496 292 573 ipsis
310 497 528 574 possessionem
547 500 578 554 et
595 492 732 561 hostibus
750 495 893 575 ignotam,
913 495 1001 556 simul
1019 496 1129 557 bellurn

120 585 265 645 maturius
284 585 376 662 incipi
392 583 583 662 legionesque
601 589 632 644 et
650 591 832 644 commeatus
849 585 961 662 pariter
984 585 1063 665 vehi;
1087 589 1129 644 in-

80 684 106 724 15
120 677 237 750 tegrum
256 674 387 751 equitem
405 688 557 750 equosque
575 688 634 750 per¹
643 689 696 732 ora
709 677 740 732 et
753 670 850 732 alveos
864 671 1019 733 fluminum
1033 674 1128 733 media

119 760 151 820 in
165 760 321 822 Germania
335 760 407 820 iere.

64 889 83 939 v
186 846 214 908 6.
238 847 333 926 Igitur
355 847 414 910 huc
436 848 577 930 intendit,
601 849 701 912 missis
723 848 760 914 ad
783 867 892 911 census
915 849 1074 910 Galliarum
1099 851 1127 910 P.

119 934 235 996 Vitellio
250 943 280 998 et
294 935 325 999 C.
339 935 437 998 hutie
471 936 561 998 Silius
576 943 607 997 et
619 937 744 999 Anteius
759 945 789 999 et
801 937 928 1003 Caecina
941 938 1127 1000 fabricandae

119 1023 207 1085 classi
220 1032 453 1103 praeponuntur.
481 1025 561 1086 mille
580 1043 670 1086 naves
689 1025 826 1089 sufficere
845 1029 924 1088 visae
942 1026 1128 1106 properatae-

120 1131 187 1192 qne,
200 1112 273 1181 aliae
286 1113 406 1194 breves,
424 1121 547 1192 angusta
565 1115 659 1193 puppi
672 1132 820 1193 proraque
834 1123 864 1176 et
878 1115 935 1177 lato
951 1123 1036 1176 utero
1040 1162 1050 1196 ,
1070 1136 1128 1195 quo

92 1201 235 1263 riaeilius
257 1200 367 1265 fluctus
385 1201 559 1284 tolerarent3
582 1202 726 1282 quaedam
744 1201 848 1280 planae
867 1205 988 1283 carinis,
1012 1211 1046 1264 ut
1064 1206 1128 1264 sine

119 1307 196 1350 noxa
209 1289 354 1372 siderent;
377 1290 479 1369 plures
494 1292 637 1370 adpositis
651 1293 802 1371 utrimque
816 1291 1039 1372 gubernaculis,
1059 1310 1127 1352 con-

10 1397 13 1400 ’
118 1397 205 1440 verso
220 1386 253 1440 ut
266 1386 390 1458 repente
409 1381 533 1459 remigio
551 1379 622 1441 hine
641 1379 687 1440 vel
704 1379 786 1441 illinc
804 1379 999 1460 adpellerent3
1018 1380 1127 1440 multae

118 1467 261 1546 pontibus
274 1474 397 1548 stratae,
417 1487 508 1548 super
522 1487 596 1548 quas
609 1476 756 1530 tormenta
771 1468 962 1548 veherentur,
978 1468 1066 1528 simul
1080 1488 1127 1547 ap-

118 1563 166 1617 tae
180 1556 310 1621 lerendis
325 1559 410 1636 equis
428 1565 481 1618 aut
499 1560 689 1639 commeatui;
707 1556 779 1618 velis
798 1556 924 1636 habiles,
944 1560 1019 1618 citae
1038 1561 1128 1617 remis

79 1658 105 1699 1⁰
119 1644 303 1724 augebantur
321 1644 472 1711 alacritate
490 1645 617 1710 militum
636 1648 668 1706 in
689 1648 819 1725 speciem
840 1665 874 1707 ac
896 1654 1051 1707 terrorem.
1086 1649 1128 1706 in·

120 1734 183 1795 sula
202 1733 378 1797 batavorum
400 1736 432 1794 in
454 1752 544 1813 quam
566 1736 760 1795 convenirent
779 1735 943 1815 praedicta,
966 1734 1004 1795 ob
1028 1734 1128 1794 iaciles

118 1822 261 1902 adpulsus
274 1822 514 1901 accipiendisque
529 1825 622 1901 copiis
641 1830 672 1883 et
689 1822 949 1885 transmittendum
968 1823 1128 1884 adhellunr

29 1948 31 1952 -
118 1918 293 1989 opportuna.
330 1928 398 1971 nam
416 1910 538 1973 Rhenus
561 1910 726 1973 uno-alveo
749 1913 909 1973 continuus
929 1919 979 1972 aut
997 1912 1128 1972 modicas

118 1999 230 2060 insulas
249 2000 485 2067 circumveniens
504 1999 581 2078 apud
602 1999 783 2078 principium
801 2001 866 2077 agri
879 1999 986 2061 ltatavi-
999 1999 1079 2060 velut
1097 2003 1127 2060 in

79 2099 104 2140 1⁵
118 2086 193 2149 dues
216 2104 318 2153 amnes
341 2088 496 2168 dividitur,
519 2095 676 2166 servatque
699 2105 807 2148 nomen
826 2094 857 2148 et
875 2087 1043 2149 violentiam
1062 2107 1127 2149 eur·

119 2194 183 2256 sus,
203 2194 261 2255 qua
276 2176 461 2238 Germaniam
479 2174 682 2255 praeuehitur,
704 2176 798 2236 donec
818 2174 935 2236 Oceano
954 2179 1127 2237 misceatur:

118 2265 153 2326 ad
170 2265 310 2332 Gallicam
329 2266 424 2343 ripam
441 2264 527 2330 latior
541 2271 572 2325 et
589 2262 733 2341 placidior
751 2263 885 2325 adlluens
903 2258 1003 2344 (verso
1021 2283 1127 2342 cogno-

117 2361 217 2415 mento
236 2352 374 2414 Vahalem
397 2353 513 2415 accolae
535 2346 665 2434 dicunt),
689 2369 756 2413 mox
774 2351 803 2411 id
820 2370 938 2431 quoque
952 2352 1128 2412 vccabulum

116 2449 212 2503 mutat
230 2441 311 2503 Mosa
328 2441 450 2503 llumine
469 2444 593 2521 eiusque
611 2443 746 2501 inmenso
767 2457 819 2500 ore
840 2440 967 2501 eundem
988 2443 1018 2500 in
1038 2439 1126 2500 Ocea-

77 2539 105 2583 20
118 2547 191 2593 num
205 2530 375 2592 effunditur.

187 2617 215 2680 t.
239 2619 297 2683 Sed
320 2619 441 2699 Caesar,
468 2618 539 2679 dum
562 2617 723 2697 adiguntur
744 2634 847 2699 naves,
871 2615 977 2679 Silium
999 2615 1126 2695 legatum

118 2725 187 2768 cum
202 2707 337 2785 expedito
350 2725 441 2768 manu
454 2709 656 2786 inruptionem
665 2709 697 2767 in
707 2705 828 2768 Chattos
842 2706 940 2768 tacere
954 2706 1050 2768 iubet:
1064 2708 1127 2784 ipse

118 2796 219 2856 audito
239 2795 391 2858 castellum
406 2795 517 2875 hupiae
537 2795 653 2856 ilnmini
671 2795 838 2874 adpositum
857 2794 1000 2875 obsideri,
1019 2813 1070 2855 sex
1089 2794 1127 2854 le-

118 2885 221 2962 giones
240 2902 275 2946 eo
294 2883 386 2945 duxit.
419 2902 515 2963 neque
531 2883 602 2946 Silio
622 2883 660 2944 cb
679 2884 794 2945 subitos
812 2884 923 2945 imbres
937 2882 1016 2944 aliud
1030 2889 1127 2944 actum

91 2984 104 3025 5
120 2990 207 3051 quam
222 2979 256 3033 ut
268 2971 415 3034 modicam
429 2973 568 3052 praedam
582 2980 612 3034 et
625 2972 698 3051 Arpi
711 2975 857 3051 principis
871 2971 1045 3034 Chattorum
1060 2988 1127 3030 oon·

118 3063 218 3139 iugem
236 3061 384 3139 filiamque
403 3069 538 3141 raperet,
558 3066 663 3140 nequen
675 3059 792 3122 Caesari
811 3062 925 3138 copiam
944 3076 1059 3138 pugnae
1079 3077 1128 3136 op-

119 3167 252 3212 sessores
275 3149 386 3230 iecere‚
409 3148 445 3211 ad
470 3149 575 3214 lamam
594 3149 737 3211 adventus
756 3151 820 3209 eius
839 3148 958 3226 dilapsi:
981 3145 1127 3208 tumulum

190 3304 216 3370 5,
233 3309 264 3357 11
280 3303 455 3371 oportunum,
474 3301 538 3355 item
550 3301 623 3356 oties
638 3301 643 3369 Ι
658 3301 711 3367 6‚2
726 3300 754 3354 C.
765 3297 850 3353 Antio
870 3298 998 3354 Ursicum
1017 3298 1126 3368 centio}

118 3371 223 3472 A.·(·oel
240 3373 281 3441 fl.)
301 3373 417 3429 Anteius
436 3372 541 3437 Rtrrer,
569 3369 708 3454 Apronius
735 3370 910 3494 Nipperdss,
938 3367 1128 3469 stumfius]

118 3443 254 3568 grcigrcgrslt
266 3449 300 3569 ”8²⁸
320 3461 403 3514 super
431 3458 500 3511 quos
528 3442 654 3507 Ernesto,
680 3456 762 3509 super
781 3456 844 3507 qma
893 3441 1013 3495 oderlern
1037 3441 1042 3510 Ι
1068 3441 1093 3507 l,
1118 3465 1124 3495 ι
