2392 3876
304 185 352 239 AB
370 185 531 242 EXCESSU
549 185 706 242 AUGUSTI
724 187 757 242 11.
778 193 855 244 1—5.
1039 188 1084 252 45

141 328 171 393 3.
194 331 287 411 Igitur
305 334 471 396 Artabanus
494 335 702 396 Arsacidarum
726 353 742 396 e
766 338 909 414 sanguine
933 337 1009 416 apud
1029 336 1084 398 Da-

76 420 128 480 has
147 421 264 482 adultus
279 425 407 504 excitur,
427 425 582 504 primoque
597 442 760 503 congressu
775 425 859 484 lusus
873 432 993 503 reparat
1006 427 1084 486 vires

76 526 226 589 regnoque
240 513 360 589 potitur.
389 514 466 573 vieto
480 512 596 573 Vononi
613 513 783 592 perfugium
797 513 934 573 Armenia
949 514 1018 594 luit,
1038 531 1084 574 ra·

76 614 130 658 cua
155 605 226 659 tuno
249 600 387 679 interque
410 601 589 662 Parthorum
612 608 642 662 et
664 601 813 662 Romanas
839 619 911 681 opes
933 601 1023 661 infida
1046 600 1084 662 ob

76 685 174 746 scelus
196 687 331 769 Antonii,
353 691 404 768 qui
428 690 608 750 Artavasden
630 708 731 770 regem
754 691 962 751 Armeniorum
986 691 1112 768 speeie⁵

75 775 221 835 amicitiae
235 777 389 857 inlautum,
404 777 472 839 dein
487 781 599 839 catenis
613 786 781 860 oneratum,
800 786 951 857 postremo
965 778 1085 839 interie-

75 871 164 922 cerat.
197 865 261 924 eius
285 865 362 926 lilius
384 866 530 946 Artaxias,
554 870 695 928 memoria
717 870 811 946 patris
833 866 919 928 nobis
942 868 1086 945 inlensuS,

76 949 283 1013 Arsacidarum
297 956 326 1013 vi
340 973 431 1034 seque
445 973 629 1034 regnumque
644 964 757 1017 tutatus
772 965 825 1017 est.
854 958 952 1016 occiso
966 956 1087 1016 Artaxia

74 1056 129 1117 per
143 1038 244 1100 dolum
257 1045 501 1124 propinquorum,
516 1044 601 1104 datus
616 1063 632 1104 a
646 1044 771 1106 Caesare
784 1044 932 1105 Armeniis
942 1044 1085 1123 Tigranes

74 1126 282 1208 deductusque
300 1132 331 1191 in
350 1149 475 1210 regnum
493 1151 509 1192 a
524 1132 643 1192 Tiberio
658 1132 783 1195 Nerone.
811 1150 866 1193 uec
881 1132 1002 1211 Tigrani
1020 1132 1084 1192 diu·
1101 1146 1126 1184 10

74 1221 198 1276 turnum
213 1219 372 1296 imperium
387 1220 443 1280 luit
457 1237 554 1300 neque
568 1219 671 1281 liberis
685 1223 758 1300 eius,
774 1238 951 1300 quamquam
966 1222 1085 1281 sociatis

75 1320 158 1365 more
173 1312 297 1371 externo
310 1309 342 1367 in
356 1311 577 1368 matrimonium
591 1326 784 1387 regnumque.

141 1389 172 1453 4.
192 1392 265 1453 Dein
283 1397 369 1456 iussu
387 1396 512 1475 Augusti
532 1398 679 1473 inpositus
697 1396 874 1456 Artavasdes
893 1403 924 1456 et
942 1413 1001 1456 non
1021 1399 1085 1456 siue

74 1478 158 1540 clade
180 1489 281 1542 nostra
303 1483 444 1543 deiectus
477 1491 541 1543 tum
560 1483 649 1543 Gaius
668 1482 775 1543 Caesar
793 1483 1013 1560 componendae
1032 1483 1085 1543 Ar·

74 1570 191 1629 meniae
213 1569 363 1648 deligitur.
401 1573 426 1631 is
445 1571 674 1651 Ariobarzanen,
698 1573 811 1649 origine
831 1570 962 1648 Medum,
986 1570 1023 1630 ob
1042 1573 1086 1629 in·

73 1657 190 1735 signem
214 1662 349 1736 corporis
373 1659 496 1718 sormam
515 1665 545 1718 et
562 1658 747 1736 praeclarum
770 1661 900 1718 animum
919 1656 1086 1718 volentibus

73 1745 224 1806 Armeniis
233 1747 385 1824 praefecit.
408 1740 604 1808 Ariobarzane
615 1754 710 1807 morte
720 1748 842 1807 fortuita
852 1746 1008 1824 absumpto
1019 1748 1085 1806 stir·
1100 1759 1112 1799 5

73 1850 142 1911 pem
157 1835 223 1894 eius
237 1833 316 1895 haud
331 1833 508 1915 toleravere3
528 1842 729 1914 temptatoque
744 1835 869 1895 leminae
883 1836 1022 1915 imperio,
1038 1836 1087 1894 cui

73 1938 183 1982 nomen
198 1921 303 2003 Erato,
322 1940 415 2002 eaque
435 1922 517 1983 brevi
534 1923 632 2001 pulsa,
650 1925 758 1983 incerti
777 1922 926 2001 solutique
946 1929 976 1983 et
994 1925 1086 1999 magis

71 2011 138 2070 sine
154 2010 275 2070 domino
290 2028 380 2089 quam
393 2013 425 2070 iu
439 2010 574 2071 libertate
588 2012 747 2088 prolugum
760 2010 901 2070 Vononen
915 2012 947 2070 in
961 2029 1085 2089 reguum

72 2099 234 2176 accipiunt.
264 2099 317 2158 sed
336 2097 390 2159 ubi
408 2101 539 2159 minitari
553 2098 720 2159 Artabanus
739 2106 769 2158 et
787 2116 892 2177 parum
911 2099 1037 2159 subsidii
1055 2101 1086 2190 ip

72 2185 232 2266 Armeniis,
246 2186 301 2266 vel,
317 2189 343 2246 si
352 2193 454 2246 nostra
468 2188 497 2245 vi
510 2185 728 2265 defenderetur,
743 2185 852 2246 bellum
866 2186 1008 2247 adversus
1018 2186 1086 2247 Par·
1102 2201 1126 2240 10

72 2273 141 2334 thos
156 2274 337 2335 sumendum
351 2282 429 2352 erat,
444 2281 543 2333 rector
558 2272 658 2350 Syriae
674 2273 808 2334 Creticus
824 2273 942 2334 Silanus
957 2277 1087 2335 excitum

71 2363 209 2423 custodia
223 2363 404 2441 circumdat,
418 2367 554 2421 manente
568 2360 640 2419 luxu
655 2365 685 2420 et
698 2363 780 2438 regio
795 2365 922 2421 nomine.
951 2362 1029 2440 quod
1044 2362 1087 2423 lu·

71 2450 202 2512 dibrium
217 2458 252 2513 ut
267 2451 399 2530 eliugere
415 2449 569 2527 agitaverit
583 2446 732 2527 Vonones,
746 2451 776 2507 in
791 2449 855 2508 loco
870 2448 1038 2509 reddemus.

138 2536 168 2602 5.
192 2539 333 2602 Ceterum
352 2537 473 2597 Tiberio
498 2533 576 2593 baud
599 2535 746 2612 ingratum
769 2533 876 2595 accidit
899 2536 1015 2595 turbari
1037 2553 1088 2598 res

68 2627 216 2710 Orientis,
235 2636 270 2691 ut
284 2647 318 2689 ea
334 2625 436 2706 specie
452 2621 660 2682 Germanicum
679 2623 772 2682 suetis
790 2620 956 2699 legionibus
976 2623 1088 2684 abstra-

70 2715 155 2778 heret
173 2721 319 2798 novisque
342 2711 509 2795 provinciis
532 2709 694 2784 inpositum
717 2708 783 2769 dolo
806 2709 893 2769 simul
917 2717 947 2771 et
969 2712 1089 2774 casibus

68 2803 238 2870 obiectaret„
269 2814 300 2868 at
318 2805 384 2884 ille,
405 2803 524 2880 quiante.
539 2797 652 2855 acriora
670 2798 701 2854 in
721 2814 788 2856 eum
804 2797 902 2856 studia
917 2799 1045 2861 militum
1059 2807 1091 2862 et

67 2910 169 2958 aversa
191 2899 292 2977 patrui
317 2893 473 2963 voluntas,
498 2880 670 2943 celerandae
693 2884 833 2942 victoriae
855 2887 1008 2966 intentior,
1033 2897 1117 2949 tra-⁵

66 2989 146 3045 ctare
160 2987 346 3065 pmefiorum
361 2983 427 3042 vias
443 2981 475 3035 et
491 2987 568 3049 quae
587 2968 644 3028 sibi
662 2971 782 3029 tertium
802 2972 860 3030 iam
879 2990 990 3035 annum
1010 2977 1092 3037 belli·

65 3077 178 3149 geranti
196 3095 283 3140 saeva
303 3073 350 3136 vel
369 3077 523 3152 prospera
542 3058 717 3117 evenissent.
746 3057 829 3117 iundi
847 3057 1012 3123 Germanos
1030 3067 1093 3125 acie

63 3166 94 3219 et
107 3162 193 3228 iustis
207 3168 282 3230 locis
311 3160 413 3226 iuvari
429 3149 530 3223 silvis,
550 3142 720 3222 paludibus,
739 3143 823 3206 brevi
836 3153 949 3208 aestate
965 3159 996 3210 et
1010 3169 1093 3231 prae·

62 3258 174 3317 matura
187 3215 300 3319 hieme’·
320 3266 416 3316 suum
439 3235 570 3302 militem
584 3229 661 3289 baud
677 3231 799 3307 perinde
814 3232 991 3297 uulneribus
1007 3258 1095 3318 quam

60 3343 160 3414 spatiis
178 3304 335 3427 pumma„
360 3341 481 3403 dam1¹⁰
501 3334 655 3382 armorum
678 3316 777 3397 adlici3
801 3318 895 3380 iessas
914 3321 1025 3388 Gallias
1044 3330 1097 3390 mi·
1113 3347 1138 3386 1o

125 3528 151 3600 4,
172 3539 317 3595 meinos
337 3531 389 3591 aui
