2392 3876
89 179 154 244 362
439 177 606 233 connum
623 176 742 232 uncum

87 326 213 405 lortnna,
227 345 261 387 ac
276 329 409 387 seniores
423 329 515 407 prius,
531 336 594 388 tum
608 329 657 388 cui
670 329 766 406 prima
780 335 862 389 aetas
871 331 1110 411 extinguuntur.

48 432 72 471 ιο
87 417 216 476 accusati
235 423 302 494 post
316 415 498 494 sepulturam
513 416 724 495 decretumque
738 422 772 476 ut
786 432 869 478 more
885 419 1044 481 maiorum
1058 440 1110 501 pu·

87 506 231 565 nirentur.
264 512 294 565 at
313 503 391 563 Nero
410 506 591 584 intercessit,
611 512 737 565 mortem
756 505 819 565 sine
839 503 958 568 arbitro
983 512 1109 588 permit·

88 602 165 654 tens:
181 611 214 653 ea
229 591 368 653 caedibus
381 595 510 672 peractis
524 592 651 654 indibria
665 591 878 655 adiciebantur.

156 679 205 742 12.
229 680 259 741 P.
280 680 379 741 Gallus
403 699 494 759 eques
513 680 676 762 Romanus,
701 680 779 761 quod
798 679 910 744 Faenio
931 682 1016 745 linio
1041 688 1108 748 inu-

87 787 153 830 mus
168 777 198 830 et
213 767 311 829 Veteri
325 787 384 829 non
398 767 512 830 alienus
526 769 636 850 inerat,
655 787 729 850 aqua
749 777 838 849 atque
852 772 916 849 igni
930 772 1108 852 prohibitus

87 865 141 918 est.
168 856 275 918 liberto
295 864 325 917 et
344 859 511 918 accusatori
528 860 694 937 praemium
714 875 820 937 operae
835 856 920 920 locus
935 860 969 921 lu
985 860 1106 924 theatro

88 948 165 1007 inter
180 947 305 1005 viatores
320 944 496 1006 tribunicios
511 947 606 1007 datur.
634 954 665 1007 et
683 963 808 1027 menses,
824 949 875 1026 qul
885 946 1024 1026 Aprilem
1035 968 1107 1012 euu-

58 1057 72 1095 c
88 1034 213 1110 demque
232 1031 401 1093 Neroneum
419 1033 634 1116 sequebantur,
652 1033 747 1096 Maius
766 1034 893 1115 Claudii,
915 1033 1015 1098 lulius
1035 1038 1107 1102 Ger·

86 1122 195 1180 manici
213 1114 362 1182 rdcabulis
381 1131 546 1203 mutantur,
566 1123 744 1184 testificante
763 1121 900 1184 Cornelio
919 1122 1034 1208 Orfito,
1054 1128 1108 1208 qui

87 1208 116 1269 id
135 1219 304 1287 censuerat,
328 1210 394 1270 ideo
414 1209 533 1271 lunium
556 1228 688 1271 mensem
707 1213 930 1292 transmissum,
950 1216 1026 1292 quia
1045 1215 1107 1276 dno

87 1299 144 1357 iam
159 1295 302 1375 Torquati
320 1296 358 1357 ob
376 1297 488 1359 scelera
507 1299 658 1358 interlecti
676 1298 839 1359 infaustum
858 1316 966 1359 nomen
982 1299 1107 1364 lunium

87 1386 237 1446 iecissent.

156 1470 204 1533 13.
220 1473 276 1532 Tot
285 1472 466 1534 facinoribus
476 1473 595 1533 ioedum
604 1491 714 1533 annum
723 1475 813 1533 etiam
827 1473 859 1534 dl
870 1478 1107 1554 tempestatibus

88 1570 119 1622 et
136 1561 247 1621 morbis
266 1563 453 1639 insignivere.
491 1568 601 1622 vastata
619 1560 776 1639 Campania
796 1560 915 1622 turbine
934 1572 1106 1649 ventorum,

88 1652 139 1728 qni
158 1649 240 1709 villas
258 1648 378 1708 arbusta
397 1649 498 1728 lrnges
516 1649 626 1729 passim
645 1648 762 1710 disiecit
784 1647 966 1728 pertulitque
991 1653 1106 1715 violeu-

89 1741 159 1798 tiam
174 1737 209 1797 ad
225 1738 319 1797 vicina
334 1736 414 1818 nrbi3
433 1738 463 1798 in
483 1754 541 1816 qna
559 1755 645 1798 omne
660 1736 827 1797 mortalium
842 1754 936 1816 genus
950 1739 998 1800 ris
1012 1745 1105 1820 pesti-

60 1850 74 1887 s
90 1826 196 1887 lentiae
216 1825 462 1907 depopulabatur,
481 1825 561 1886 nnlla
581 1824 654 1886 caeli
668 1827 857 1905 intemperie,
872 1843 947 1905 qnae
961 1844 1105 1892 occurre·

90 1922 136 1975 ret
150 1913 252 1975 oculis.
281 1914 332 1974 sed
347 1914 452 1975 domus
467 1914 642 1994 corporibus
657 1915 808 1994 exanimis,
822 1915 929 1974 itinera
943 1913 1104 1980 funeribus

90 2003 326 2083 complebantur,
346 2021 404 2063 non
419 2021 520 2082 sexus,
540 2021 599 2063 non
613 2010 693 2063 aetas
706 2003 840 2088 periculo
855 2020 961 2087 vacua3
980 2008 1104 2068 servitia

90 2092 212 2171 perinde
235 2099 264 2150 et
285 2093 411 2168 ingenua
429 2090 532 2169 plebes
551 2093 658 2168 raptim
677 2092 823 2171 extingui,
842 2091 921 2153 inter
939 2093 1104 2174 coniugum

90 2189 120 2239 et
133 2178 294 2238 liberorum
309 2176 448 2258 lamenta,
467 2177 602 2254 quidum
617 2177 764 2257 adsident,
784 2177 856 2240 dum
869 2177 993 2262 delient,
1013 2199 1103 2262 saepe

51 2265 193 2327 neodem
211 2283 282 2344 rogo
302 2265 517 2326 cremabantur.
550 2267 684 2345 equilum
702 2273 932 2346 senatorumque
952 2269 1104 2353 interitus,

91 2355 222 2434 quamvis
240 2354 393 2432 promisci,
413 2356 510 2416 nrinus
529 2354 642 2417 debiles
662 2364 758 2437 erant,
781 2364 931 2436 tamquam
950 2362 1103 2421 communi

92 2442 268 2503 mortalitate
283 2445 433 2504 saevitiam
452 2446 596 2526 principis
610 2446 825 2524 praevenirent.

159 2531 270 2592 Eodem
284 2551 360 2592 anno
376 2532 501 2595 dilectus
520 2552 574 2614 per
588 2532 709 2594 Galliam
723 2532 944 2593 Narbonensem
960 2533 1102 2597 Africam-

92 2638 149 2700 que
169 2628 199 2680 et
213 2621 311 2680 Asiam
330 2621 423 2683 babiti
436 2631 512 2683 -snnt
530 2622 703 2701 supplendis
721 2621 846 2701 Illyricis
864 2620 1047 2706 legionibus,
1065 2643 1102 2685 ex

51 2728 77 2767 ss
92 2707 201 2787 quibus
222 2716 316 2770 aetate
338 2717 389 2771 aut
412 2710 577 2772 valetudine
600 2711 672 2771 lessi
695 2717 877 2772 sacramento
901 2709 1101 2773 solvebantur.

91 2797 203 2857 cladem
217 2797 446 2876 Lugdunensem
465 2799 660 2879 quadragiens
678 2801 815 2860 sestertio
835 2792 945 2859 solatus
960 2806 1007 2860 est
1021 2802 1103 2879 prin·

92 2903 174 2966 ceps,
190 2892 223 2946 ut
237 2887 344 2946 amissa
358 2886 427 2947 urbi
441 2894 633 2969 reponerent;
652 2905 739 2967 quam
753 2889 909 2966 pecuniam
924 2885 1103 2966 Lugdunen-

16 3000 22 3012 ·
92 2992 140 3035 ses
155 2982 221 3035 ante
237 2973 404 3035 obtulerant
417 2975 502 3036 urbis
516 2976 643 3036 casibus.

164 3092 208 3158 11,
230 3097 263 3144 14
286 3089 407 3158 seniore,
436 3108 483 3146 em.
504 3093 649 3147 Acidalins
674 3089 778 3160 (senior
800 3089 890 3161 prius,
918 3091 980 3144 bum
1003 3092 1036 3146 ul
1058 3090 1105 3146 cui
1184 3130 1187 3143 .

92 3161 219 3284 proximp
229 3161 351 3286 Silqlcepll
368 3160 531 3286 extigpnllpr
546 3165 550 3230 l
569 3168 606 3287 lq,
615 3164 646 3216 ab
659 3164 765 3286 couplet
780 3164 785 3233 Ι
801 3178 851 3216 suo
866 3159 984 3287 aqlptrq)
993 3161 1102 3234 Faberi

93 3233 586 3371 lq,sqququptuq1uiqeqpptfflppiper
603 3237 956 3372 εἴοξξεοοοέιεεόβὸπᾶοϋοιο
975 3248 1105 3374 14ᾘέᾗῖ

92 3372 199 3441 iunius,
228 3375 262 3442 cf.
289 3375 430 3446 Madvigii
453 3373 567 3428 Addere.
596 3373 648 3439 11,
674 3378 729 3430 558
758 3376 763 3444 1
793 3380 808 3428 ‘l
835 3371 947 3426 Iunium
974 3371 1105 3442 Lipsius:

92 3445 238 3513 iunctum}
256 3444 300 3512 13,
316 3451 333 3499 4
351 3443 447 3499 uienia
460 3443 576 3514 (moenie
607 3442 674 3497 nbis
688 3446 735 3512 at.)
753 3450 756 3514 Ι
775 3450 807 3499 16
817 3449 881 3512 post
889 3441 1108 3522 Lugdunensem

93 3516 253 3586 Nipperdey
271 3516 396 3571 lucarnam
416 3517 516 3568 ‘lartum‘⁴
537 3516 582 3556 Ὗ·
622 3513 687 3556 *¹³³⁶
711 3513 799 3556 Ver&
834 3511 914 3552 ''¹¹⁹¹‘ss

1188 3498 1192 3636 l
