2408 3870
135 178 199 242 138
479 175 649 233 CORNELII
665 176 786 232 unctui

132 334 184 388 aut
196 325 413 405 parricidarum
425 343 536 405 poenas
550 327 759 406 minitantium,
778 327 870 387 cessit
883 324 966 386 urbe.
1000 342 1037 387 uo
1057 334 1152 388 retra·

132 422 197 476 ctus
212 414 352 476 Ravenna
366 416 489 494 exsequi
507 416 725 475 accusationem
742 415 879 494 adigitur,
898 431 958 474 non
976 413 1152 476 occultante

93 520 118 558 10
132 503 252 565 'liberio
271 512 356 565 vetus
375 502 476 564 odium
494 503 650 564 adversum
670 501 786 564 exulem
805 501 959 562 Serenum.
994 520 1069 564 nam
1083 512 1153 584 post

133 593 301 655 damnatum
319 591 462 653 Libonem
479 592 580 652 missis
598 590 634 651 ad
653 590 808 652 Gaesarem
822 590 931 650 litteris
949 591 1152 669 exprobrave-

132 691 178 742 rat
202 699 288 742 suum
306 686 422 740 tantum
441 679 572 741 studium
593 681 658 740 sine
678 679 779 740 fructu
802 678 907 758 luisse,
930 678 1152 760 addideratque

133 769 277 850 quaedam
295 769 500 829 contumacius
523 785 611 847 quam
629 775 727 829 tutum
746 767 823 845 apud
841 784 930 827 aures
949 768 1102 846 superbas
1124 779 1153 830 et

133 858 290 919 offensioni
302 857 467 934 proniores.
495 873 529 916 ea
543 855 650 916 Caesar
664 864 731 917 octo
749 862 817 934 post
835 873 928 916 annos
942 855 1071 938 rettulit,
1091 877 1152 919 me·

93 963 118 1004 ro
132 945 215 1007 dium
238 953 355 1022 tempus
377 946 457 1005 varie
480 961 621 1024 arguens,
645 946 733 1004 etiam
757 946 783 1004 si
806 950 952 1005 tormenta
979 948 1153 1023 pervicacia

133 1051 288 1095 servorum
302 1039 405 1093 contra
420 1034 597 1093 evenissent.

200 1118 252 1182 30.
276 1120 368 1182 Dictis
392 1120 460 1180 dein
483 1122 639 1181 sententiis
667 1128 701 1182 ut
729 1119 859 1182 Serenus
886 1138 969 1182 more
997 1125 1153 1185 maiorum

132 1212 298 1292 puniretur,
318 1227 376 1288 quo
390 1208 519 1270 molliret
536 1209 684 1289 invidiam,
703 1210 881 1271 intercessit.
910 1208 1010 1271 Gallus
1025 1210 1153 1274 Asinius

133 1317 201 1360 eum
224 1297 319 1378 Gyaro
342 1306 393 1359 aut
420 1298 538 1359 Donusa
565 1297 762 1358 claudendum
789 1306 939 1377 censeret,
966 1297 997 1358 id
1027 1317 1153 1380 quoque

133 1394 308 1467 aspernatus
331 1394 390 1466 est,
418 1404 541 1466 egenam
564 1405 656 1466 aquae
679 1393 836 1465 utramque
859 1385 986 1447 insulam
1009 1388 1152 1450 referens

92 1492 106 1534 o
134 1476 304 1556 dandosque
329 1478 404 1537 vitoe
427 1471 513 1557 usus,
536 1478 585 1537 cui
607 1476 667 1536 vita
690 1475 913 1536 concederetur.
950 1476 991 1534 ita
1013 1474 1152 1539 Serenus

133 1566 294 1644 Amorgum
321 1573 499 1644 reportatur.
540 1573 571 1625 et
598 1565 667 1643 quia
694 1562 843 1624 Cornutus
871 1581 924 1623 sua
951 1579 1045 1624 manu
1073 1569 1150 1626 oeci·

133 1654 230 1734 derat,
252 1662 351 1715 actum
375 1653 411 1714 de
433 1655 573 1733 praemiis
601 1658 807 1713 accusatorum
835 1649 999 1730 abolendis,
1028 1653 1057 1712 si
1081 1644 1150 1732 qui's

132 1744 295 1803 maiestatis
317 1741 483 1820 postulatus
505 1748 573 1801 ante
596 1741 762 1818 perlectum
784 1738 928 1800 iudicium
947 1757 979 1800 se
998 1741 1065 1818 ipse
1089 1744 1150 1803 vita

132 1833 316 1910 privavisset.
353 1829 510 1907 ibaturque
533 1830 565 1888 in
589 1845 653 1888 eam
677 1829 865 1907 sententiam,
893 1829 925 1888 ni
948 1827 1055 1889 durius
1078 1848 1149 1891 con·

93 1935 120 1974 ro
133 1928 237 1998 traque
257 1934 370 1977 morem
390 1934 479 1977 suum
496 1914 593 1994 palam
613 1933 669 1994 pro
682 1915 904 1977 accusatoribus
919 1915 1026 1976 Caesar
1041 1919 1148 1979 inritas

133 2007 224 2087 leges,
242 2003 469 2083 rempublicam
482 2005 513 2064 iu
532 2005 689 2082 praecipiti
706 2011 888 2083 conquestus
907 2011 999 2066 esset:
1023 2006 1148 2068 subver·
1188 2005 1191 2011 ’

133 2100 232 2155 terent
254 2095 354 2171 potius
377 2094 443 2152 iura
466 2109 554 2170 quam
578 2091 717 2152 custodes
745 2110 849 2153 eorum
881 2100 1061 2154 amoverent.
1104 2098 1148 2156 sic

134 2181 293 2259 delatores,
322 2197 415 2258 genus
442 2178 596 2241 hominum
624 2179 743 2258 publico
767 2183 857 2242 exitio
879 2188 1033 2261 repertum
1056 2191 1089 2245 et
1109 2203 1149 2246 ne

133 2271 237 2350 poenis
260 2268 380 2348 quidem
404 2286 544 2347 umquam
568 2270 639 2329 satis
663 2270 838 2350 coercitum,
861 2287 917 2348 per
938 2271 1072 2346 praemia
1095 2271 1147 2332 eli·

95 2373 120 2413 15
135 2358 298 2419 ciebantur.

200 2444 252 2508 31.
275 2444 328 2506 His
351 2453 411 2506 tam
429 2445 562 2507 adsiduis
581 2453 699 2526 tamque
713 2447 834 2506 moestis
848 2445 963 2506 modica
977 2445 1090 2507 laetitia
1103 2450 1148 2508 in-

133 2538 278 2617 tericitur,
301 2536 379 2615 quod
394 2534 425 2596 C.
440 2534 607 2596 Cominium
621 2535 752 2614 equitem
766 2533 943 2614 Romanum,
962 2535 1103 2612 probrosi
1116 2539 1148 2596 in

135 2644 166 2685 se
181 2627 320 2685 carminis
334 2625 515 2705 convictum,
539 2622 646 2684 Caesar
668 2622 808 2701 precibus
823 2621 936 2702 fratris,
959 2624 1013 2700 qui
1026 2631 1149 2686 senator

135 2720 210 2794 erat,
230 2715 384 2774 concessit.
413 2731 472 2791 quo
491 2714 583 2790 magis
602 2713 711 2772 mirum
728 2708 893 2771 habebatur
906 2728 1032 2789 gnarum
1045 2712 1148 2774 melio·

93 2814 107 2855 o
134 2817 214 2880 rum,
239 2808 269 2860 et
289 2819 364 2878 qnae
383 2801 459 2861 lama
478 2800 664 2861 elementiam
683 2806 872 2878 sequeretur,
896 2801 1029 2859 tristiora
1051 2800 1149 2862 malle.

134 2904 231 2966 neque
255 2889 335 2947 enim
357 2889 494 2949 socordia
516 2887 670 2968 peccabat3
693 2905 748 2947 neo
772 2885 922 2947 occultum
946 2893 1005 2967 est,
1030 2889 1149 2967 quando

135 2994 171 3037 ex
194 2976 330 3056 veritate,
359 2977 476 3055 quando
499 2975 672 3037 adumbrata
694 2973 805 3036 laetitia
830 2975 907 3036 iacta
933 2976 1149 3053 imperatorum

135 3062 331 3125 celebrentur.
365 3065 437 3142 quin
452 3067 524 3143 ipse,
543 3064 715 3141 conpositus
729 3062 801 3123 alias
815 3069 845 3123 et
859 3061 940 3123 velut
953 3063 1149 3126 eluctantium

134 3152 303 3232 verborum,
322 3151 448 3212 solutius
462 3153 688 3231 promptiusque
703 3151 906 3231 eloquebatur,
926 3153 1064 3230 quotiens
1078 3153 1149 3214 sub·

94 3256 121 3296 ao
135 3244 257 3302 veniret.
286 3246 316 3301 at
325 3239 356 3300 P.
368 3239 513 3320 Suillium,
528 3246 716 3319 quaestorem
731 3239 879 3319 quondam
889 3238 1065 3320 Germanioi,
1079 3259 1149 3302 cum

205 3376 252 3444 30,
271 3382 287 3430 3
316 3392 379 3430 eum
405 3375 450 3431 bic
468 3375 578 3430 addidit
600 3373 743 3442 Muretus,
769 3379 833 3429 ante
851 3371 950 3427 Gallus
965 3372 1097 3452 Monetae
1112 3376 1149 3444 16

133 3444 469 3572 fflqqffielklllcrqqtauus:
498 3461 577 3499 amor
602 3460 665 3499 cum
681 3446 718 3516 19
738 3442 907 3499 sententiam
933 3442 1077 3503 medurius
1093 3446 1099 3515 Ι
1116 3450 1149 3498 13
