2392 3876
114 145 156 210 82
450 140 633 201 'CORNELII
650 139 769 197 TAClTI

67 307 97 349 ao
112 293 229 354 Suriam
248 295 448 374 permitteret,
468 291 642 353 consulitur.
679 309 738 351 non
762 298 899 368 receptae
923 291 1134 372 condiciones,

111 400 166 443 nec
181 381 259 441 aliud
276 400 363 460 quam
379 400 467 442 naves
483 390 513 441 et
527 389 624 441 tutum
641 383 672 440 in
687 378 792 440 urbem
806 382 864 439 iter
878 397 1058 442 conoessum
1075 392 1132 444 est.

129 472 163 537 el
178 467 229 532 82.
253 470 291 530 nt
305 470 423 550 Romae,
438 478 595 548 postquam
606 469 773 529 Germanioi
787 467 923 528 valetudo
933 469 1133 546 percrebruit

112 568 278 637 cunctaque
296 566 330 619 ut
349 577 385 619 ex
408 558 568 636 longinquo
588 563 674 619 aucta
694 558 725 616 in
748 557 881 617 deterius
904 556 1132 639 adferebantur,

112 647 195 707 dolor
210 651 262 726 ira,
278 655 308 707 et
322 647 518 725 erumpebant
533 654 665 725 questus.
693 645 759 706 idco
775 647 916 706 nimirum
930 648 960 705 in
976 652 1131 708 extremas

111 743 208 823 terras
230 734 405 815 relegatum,
433 733 500 794 ideo
521 734 622 794 Pisoni
644 736 819 812 permissam
841 736 1040 815 provinciam3
1070 735 1130 798 hoc

85 837 98 879 5
113 826 209 902 egisse
226 830 358 883 secretos
372 823 522 901 Augustae
537 824 604 883 cum
615 822 753 882 Plancina
768 840 928 882 sermones.
956 841 1025 883 vera
1040 842 1130 902 pror-

113 930 164 972 sus
179 911 216 971 de
231 911 326 971 Druso
342 913 475 972 seniores
489 911 618 972 locutos:
639 911 796 988 displicere
816 910 1008 990 regnantibus
1027 913 1130 974 civilia

112 999 241 1059 liliorum
259 1001 385 1081 ingenia,
404 1018 500 1078 neque
519 998 556 1059 ob
575 999 654 1060 aliud
673 1002 863 1078 interceptos,
883 1017 970 1077 quam
986 1002 1056 1078 quia
1076 1020 1130 1080 po-

112 1088 215 1167 pulum
229 1087 394 1150 Romanum
409 1106 503 1167 aequo
524 1090 589 1148 iure
604 1087 761 1166 complecti
779 1088 895 1148 reddita
913 1087 1052 1148 libertate
1068 1093 1130 1168 agi-

113 1178 248 1237 taverint.
281 1177 335 1237 hos
354 1177 433 1255 vulgi
453 1194 604 1237 sermones
623 1176 720 1237 audita
739 1195 819 1236 mors
838 1177 911 1237 adeo
929 1177 1075 1258 incendit,
1095 1184 1152 1240 ut'

73 1280 99 1320 ao
113 1271 181 1326 ante
195 1265 326 1326 edictum
340 1268 574 1346 magistratuum,
594 1273 661 1326 ante
682 1273 802 1325 senatus
822 1265 989 1326 consultum
1005 1275 1130 1345 sumpto

113 1354 227 1414 iustitio
243 1354 453 1427 desererentur
467 1355 539 1435 lora,
555 1354 764 1415 clauderentur
779 1354 892 1414 domus.
915 1355 1026 1432 passim
1037 1355 1129 1416 silen-

113 1442 157 1503 tia'
168 1451 199 1502 et
213 1446 349 1526 gemitus,
369 1444 444 1504 nihil
458 1446 654 1523 compositum
673 1444 703 1503 in
718 1444 959 1522 ostentationem,
979 1450 1009 1502 et
1024 1461 1129 1520 qnam-

114 1550 201 1612 quam
215 1551 313 1612 neque
331 1533 499 1612 insignibus
517 1533 680 1612 lugentium
700 1530 891 1610 abstinerent,
911 1531 997 1591 altius
1018 1534 1130 1594 animis

113 1620 291 1682 maerebant.
338 1622 414 1683 lorte
442 1617 653 1700 negotiatores,
680 1622 797 1681 vivente
825 1619 921 1680 adhuc
949 1619 1130 1682 Germanico

73 1723 99 1764 15
115 1710 201 1770 Suria
222 1712 348 1790 egressi,
371 1710 493 1770 laetiora
516 1710 553 1770 de
573 1709 741 1770 valetudine
764 1711 829 1769 eius
852 1708 986 1769 attulere.
1024 1713 1129 1771 statim

114 1798 234 1877 credita,
255 1797 581 1876 statimvulgatasunt:
600 1800 777 1876 utquisque
797 1796 909 1876 obvius,
932 1799 1066 1876 quamvis
1087 1798 1128 1859 le·

113 1888 189 1946 viter
199 1885 297 1945 audita
307 1885 425 1945 inalios
439 1893 527 1964 atque
542 1884 585 1944 illi
599 1887 629 1945 in
644 1885 745 1962 plures
755 1884 903 1946 cumulata
912 1885 1018 1963 gaudio
1029 1892 1129 1948 trans·

113 1973 222 2032 ierunt.
251 1980 372 2033 cursant
386 1991 440 2051 per
454 1973 569 2052 urbem,
586 1973 750 2035 moliuntur
768 1974 947 2052 templorum
967 1975 1059 2055 forcs3
1082 1978 1129 2037 iu-

112 2066 161 2119 vat
175 2059 381 2121 credulitatem
400 2078 458 2120 nox
477 2069 508 2121 et
527 2064 691 2140 promptior
705 2065 783 2123 inter
798 2061 936 2123 tenebras
951 2062 1128 2126 adfirmatio.

72 2163 99 2203 ao
114 2166 169 2209 nec
189 2147 305 2210 obstitit
323 2148 404 2210 salsis
423 2147 574 2232 Tiberius,
598 2150 692 2212 donec
715 2159 848 2230 tempore
867 2168 901 2212 ac
922 2153 1016 2230 spatio
1038 2169 1128 2214 vane·

113 2243 245 2298 scerent:
260 2245 290 2297 et
303 2237 432 2317 populus
447 2240 531 2318 quasi
545 2257 667 2300 rursum
681 2248 816 2318 ereptum
831 2242 929 2302 acrius
945 2240 1048 2301 doluit.

180 2322 230 2386 83.
250 2324 399 2408 Honores,
419 2335 454 2388 ut
473 2330 538 2407 quis
558 2346 657 2388 amore
671 2330 701 2387 in
717 2328 925 2391 Germanicum
940 2336 991 2389 aut
1004 2331 1127 2408 ingenio

112 2414 239 2496 validus,
258 2417 370 2494 reperti
389 2416 573 2495 decretique:
596 2424 631 2477 ut
648 2434 756 2477 nomen
780 2418 844 2477 eius
865 2417 969 2478 Saliari
993 2420 1126 2479 carmine

113 2512 283 2587 caneretur3
298 2504 384 2565 sedes
398 2504 517 2566 curules
527 2505 714 2566 sacerdotnm
723 2504 928 2584 Augustalium
937 2506 1010 2567 locis
1021 2524 1126 2586 super·

113 2611 171 2672 que
199 2612 249 2655 eas
277 2612 422 2674 querceae
449 2612 574 2656 coronae
607 2600 822 2675 statuerentur3
855 2594 940 2655 ludos
973 2597 1126 2657 circenses

86 2694 99 2734 ⁵
113 2681 226 2741 eburna
241 2684 354 2763 effigies
368 2684 506 2763 praeiret,
519 2701 593 2744 neve
608 2685 675 2761 quis
689 2681 796 2744 llamen
810 2691 860 2745 aut
872 2701 967 2762 augur
980 2687 1010 2744 in
1025 2684 1125 2745 locum

114 2768 281 2831 Germanici
299 2774 357 2833 nisi
380 2774 476 2851 gentis
494 2770 584 2832 Iuliae
603 2778 764 2834 crearetur.
797 2791 885 2834 arcus
903 2773 995 2833 additi
1014 2772 1125 2833 Romae

114 2865 144 2917 et
158 2857 235 2936 apud
249 2860 343 2936 ripam
358 2861 454 2922 Rheni
468 2869 498 2922 et
515 2863 546 2921 in
560 2868 660 2922 monte
676 2860 779 2922 Suriae
793 2861 913 2941 Amano,
932 2879 1000 2922 cum
1019 2863 1125 2922 inscri-

112 2948 214 3026 ptione
232 2964 333 3008 rerum
353 2957 502 3027 gestarum
521 2969 554 3012 ac
573 2957 698 3010 mortem
717 2949 754 3010 ob
773 2968 836 3011 rem
854 2949 1002 3029 publicam
1017 2948 1125 3011 obisse.

114 3035 305 3116 sepulchrum
321 3036 506 3119 Antiochiae,
525 3036 578 3100 ubi
597 3044 758 3119 crematus,
780 3037 910 3100 tribunal
924 3036 1126 3119 Epidaphnae,

73 3140 101 3179 10
115 3143 174 3204 quo
188 3128 219 3186 in
234 3124 298 3185 loco
313 3127 402 3186 vitam
417 3127 542 3187 finierat.
571 3133 734 3187 statuarum
753 3125 930 3204 locorumve,
949 3128 979 3185 in
995 3130 1062 3204 quis
1077 3146 1125 3188 co-

114 3213 240 3295 leretur,
258 3213 337 3274 baud
357 3214 442 3275 lacile
461 3216 527 3294 quis
546 3233 703 3277 numerum
722 3216 831 3275 inierit.
863 3230 931 3273 cum
950 3223 1126 3276 censeretur

186 3421 231 3488 82,
252 3427 265 3476 1
286 3420 448 3492 percrebuit
465 3422 499 3490 cf.
515 3420 609 3477 Sirlcer
623 3419 760 3491 Farmeol.
776 3419 832 3480 561
849 3421 882 3471 18
900 3415 973 3470 iuvit
990 3415 1122 3486 Lipsius}

113 3493 160 3563 88,
180 3499 195 3547 7
215 3509 316 3573 emeno
333 3507 336 3565 Ι
354 3503 369 3552 9
390 3492 574 3564 epidaphene,
592 3509 640 3549 em.
659 3491 794 3562 Lipsius!
812 3493 845 3544 ¹0
864 3485 1021 3543 colerentur
