2392 3876
285 204 334 259 nn
351 179 512 263 nxodssu
529 204 683 261 noensm
700 205 747 260 Ν.
767 210 879 260 ac-sr.
1014 202 1077 268 153

72 362 156 414 ortus
170 353 249 434 illos,
268 355 329 415 sive
343 352 476 414 Theseus
491 352 589 413 divina
603 355 710 432 etipse
725 355 826 432 stirpe,
846 355 907 413 sive
922 370 980 413 una
994 352 1078 411 Ama-

72 460 178 502 zonum
192 441 381 521 condidisset,
394 440 604 502 transcendere
618 441 653 501 ad
668 460 711 521 ea,
726 444 793 520 quis
806 443 931 501 maxime
941 439 1078 521 lidebant,

72 533 103 591 in
121 530 263 609 populum
276 529 440 591 Romanum
454 529 568 608 officiis,
586 531 675 590 missa
697 529 792 590 navali
810 531 894 607 copia
913 546 972 589 non
990 528 1077 588 modo

72 627 193 679 externa
212 619 247 679 ad
262 618 350 698 bella,
369 618 421 679 sed
441 635 515 697 quae
534 618 564 678 in
579 616 661 678 ltalia
675 616 890 698 tolerabantur3
909 634 1000 696 seque
1019 619 1105 695 pri-s

71 725 135 768 mos
163 706 305 786 templum
336 705 421 767 urbis
443 706 554 766 Romae
577 708 730 787 statuisse,
758 704 795 765 M.
818 705 925 766 Porcio
948 704 1078 784 consule,

72 798 185 873 magnis
200 795 319 875 quidem
333 797 391 855 iam
405 794 508 873 populi
521 793 646 855 Romani
660 794 764 875 rebus,
783 795 915 854 nondum
929 800 1026 854 tamen
1042 793 1077 852 ad

72 902 221 944 summum
250 884 346 963 elatis,
375 890 471 942 stante
495 881 590 944 adhuc
613 881 724 945 Punica
747 883 822 944 urbe
845 889 875 943 et
897 882 1001 942 validis
1024 899 1078 960 per

72 971 170 1031 Asiam
188 971 318 1049 regibus.
355 970 443 1031 simul
461 968 493 1030 L.
513 970 623 1031 Sullam
640 978 747 1032 testem
766 969 950 1051 adferebant,
969 971 1078 1048 gravis-

74 1061 147 1118 simo
169 1060 200 1118 in
219 1059 391 1120 discrimine
405 1060 554 1119 exercitus
568 1058 606 1120 ob
620 1062 809 1137 asperitatem
823 1059 929 1119 hiemis
943 1065 972 1118 et
986 1074 1118 1137 penu-:10

72 1145 1078 1228 1·iamvestis,cumidZmyrnamincontionemnuntiutumforet,om-

72 1252 126 1296 nes
145 1238 197 1315 qui
217 1235 370 1297 adstabant
389 1236 552 1297 detraxisse
571 1238 690 1314 corpori
709 1238 836 1313 tegmina
855 1238 1024 1315 nostrisque
1039 1235 1078 1294 lc·

73 1323 210 1401 gionibus
233 1326 359 1385 misisse.
403 1326 445 1386 ita
468 1325 563 1400 rogati
586 1325 761 1384 sententiam
784 1332 884 1401 patres
902 1321 1079 1402 Zmyrnaeos

73 1410 249 1488 praetulere.
283 1413 457 1491 censuitque
472 1410 574 1470 Vibius
588 1410 716 1490 blarsus,
734 1418 768 1471 ut
782 1410 828 1471 Μ’.
843 1410 962 1490 Lepido,
982 1413 1031 1470 cui
1045 1429 1079 1470 ea

75 1499 227 1576 provincia
246 1498 418 1580 obvenerat,
441 1515 532 1576 super
550 1516 709 1559 numerum
727 1497 889 1578 legaretur,
908 1500 960 1576 qui
978 1496 1119 1576 templi1s

74 1603 178 1647 curam
203 1588 376 1664 susciperet
425 1594 455 1647 et
478 1587 547 1664 quia
569 1585 782 1665 Lepidusipse
801 1585 929 1663 deligere
947 1602 1001 1664 per
1019 1603 1080 1645 mo·

73 1675 200 1735 destiam
227 1673 387 1755 abnuebat,
416 1673 549 1734 Valerius
578 1673 655 1734 Naso
684 1692 700 1734 e
727 1675 885 1753 praetoriis
909 1680 989 1734 sorte
1012 1675 1080 1734 mis-

73 1780 125 1823 sus
145 1771 198 1823 est

140 1847 192 1912 57
215 1851 296 1911 lnter
319 1869 393 1930 quae
418 1850 469 1910 diu
492 1798 632 1911 meditato
656 1850 753 1928 prolat
753 1868 830 1929 oque
849 1853 967 1952 saepius
986 1852 1081 1910 consi·

73 1940 114 2001 lio
133 1939 251 2000 tandem
267 1938 396 2000 Caesar
388 1957 419 1999 rn
434 1938 621 2017 Campaniam
637 1940 782 2000 abscessit
769 1941 912 2018 t,spccic
927 1938 1083 1999 dedicandi

73 2026 182 2106 templa
201 2027 278 2106 apud
293 2026 423 2106 Capuam
440 2026 516 2107 lovi,
534 2026 613 2105 apud
627 2025 731 2087 Nolam
744 2028 891 2107 Augusto,
910 2027 961 2087 sed
981 2034 1081 2088 certus

73 2115 179 2196 procul
197 2114 272 2176 urbe
291 2115 407 2194 degere.
452 2133 571 2175 causam
589 2114 745 2176 abscessus
764 2133 942 2194 quamquam
960 2123 1081 2177 secutus

73 2204 218 2283 plurimos
236 2211 392 2264 auctorum
405 2203 441 2264 ad
456 2202 556 2264 Seiani
569 2210 648 2265 artes
662 2203 777 2283 rettuli,
796 2195 864 2283 quia
879 2211 977 2264 tamen
992 2204 1081 2265 caede
1094 2213 1107 2255 ⁵

75 2295 141 2353 eius
164 2298 278 2370 patrata
301 2310 353 2352 sen
375 2298 477 2371 postea
500 2309 593 2352 annos
611 2292 676 2370 pari
694 2298 809 2352 secreto
829 2292 998 2372 coniunxit,
1021 2292 1081 2370 ple·

74 2398 201 2459 rumque
219 2398 408 2460 permoveor,
426 2397 498 2440 num
517 2380 551 2440 ad
571 2381 669 2458 ipsum
687 2379 794 2440 referri
808 2383 906 2441 verius
921 2383 972 2460 sit,
991 2382 1082 2440 saevi·

74 2471 146 2530 tiam
169 2487 202 2529 ac
225 2468 379 2530 libidinem
402 2486 477 2549 oum
493 2468 578 2529 lactis
600 2475 763 2547 promeret,
785 2467 859 2528 locis
877 2467 1081 2528 occultantem.

75 2563 160 2618 erant
184 2559 235 2636 qui
258 2557 416 2618 crederent
437 2558 469 2616 in
488 2563 641 2616 senectute
660 2558 793 2634 corporis
813 2573 931 2635 quoque
950 2554 1083 2616 habitum

75 2645 185 2723 pudori
202 2644 308 2706 fuisse:
327 2646 436 2722 quippe
455 2643 498 2704 illi
516 2643 705 2723 praegracilis
725 2651 755 2704 et
773 2646 895 2703 incurva
909 2645 1082 2724 proceritas,
1096 2657 1123 2698 1o

76 2731 176 2791 nudus
194 2731 299 2809 capillo
318 2739 432 2812 vertex,
451 2730 586 2793 ulcerosa
605 2733 694 2791 iacies
713 2750 747 2791 ac
766 2730 941 2810 plerumque
955 2731 1080 2792 medica·

75 2818 207 2880 minibus
226 2821 427 2901 interstincta3
445 2829 475 2880 et
493 2819 590 2880 Rhodi
604 2826 720 2880 secreto
735 2821 828 2879 vitare
843 2827 960 2901 coetus,
978 2838 1082 2881 recon-

75 2908 148 2969 dere
171 2907 335 2987 volnptates
357 2909 507 2984 insuerat„
539 2909 667 2969 traditur
691 2908 779 2968 etiam
796 2910 900 2969 matris
918 2911 1082 2989 inpotentia

74 3004 246 3078 extrusum,
273 3014 362 3076 quam
384 2997 593 3058 dominationis
617 2998 726 3057 sociam
750 2996 963 3075 aspernabatur
985 3015 1082 3076 neque

74 3085 223 3164 depellere
241 3092 373 3166 poterat,
392 3103 461 3146 cum
479 3085 709 3147 dominationem
723 3087 818 3163 ipsam
833 3086 944 3147 donum
958 3087 1022 3145 eius
1036 3102 1081 3144 ac·
1097 3095 1123 3138 1⁵

146 3255 192 3323 bd,
208 3261 241 3309 14
259 3241 369 3309 Marsus
387 3254 550 3311 Rhenanus.
564 3271 674 3309 marcus
690 3258 694 3324 t
710 3253 756 3312 Μ’.
769 3255 914 3327 Borghesi.
932 3251 970 3305 M.
986 3248 1052 3320 ott,
1068 3258 1083 3306 2

75 3325 214 3381 abscessit
232 3327 426 3395 supplevimus,
446 3323 585 3379 concessit
600 3326 661 3381 Otto
679 3327 724 3395 (cf.
740 3328 766 3392 3,
782 3328 837 3393 31),
855 3321 972 3378 recessit
985 3322 1084 3389 Rider,

75 3397 110 3462 cf.
131 3402 221 3451 tomen
238 3397 298 3465 Nc'p
295 3398 374 3466 p.erd
393 3397 485 3451 adnot.
467 3396 539 3466 tlt
562 3397 642 3467 num]
670 3397 719 3449 ut
726 3397 826 3451 Probst
841 3400 877 3476 18
897 3392 1085 3447 occultantem

75 3466 241 3522 Rhenanus·
270 3413 438 3521 occultantis
463 3468 467 3535 Ι
494 3472 526 3522 12
544 3468 626 3522 cerba
652 3468 682 3521 et
702 3464 816 3524 Rhodi
831 3463 979 3520 .insuorat
995 3463 1084 3521 Hem

75 3537 150 3594 Croto
165 3543 228 3607 post
246 3536 435 3592 occultantem
448 3535 580 3607 ponendo
597 3538 726 3594 censebat.
