2392 3876
117 164 182 230 328
468 162 637 220 CORNELII
652 162 769 220 uacttt

75 330 102 371 ιο
115 312 194 374 lictis
212 313 337 374 aliorum
356 315 446 392 gigni
480 315 524 375 sic
542 321 694 374 oratorum
711 312 831 374 licentia
849 311 982 374 Cinciam
1001 319 1139 394 rogatio·

106 400 197 482 nem,
215 401 439 462 candidatorum
453 401 582 463 ambitus
600 399 690 462 lulias
707 401 797 483 leges,
814 403 1047 479 magistratuum
1068 422 1138 466 ara·

114 491 183 551 ritia
192 490 350 568 Calpurnia
363 493 436 551 scita
450 497 645 570 pepererunt;
659 507 727 551 nam
741 490 827 569 culpa
841 507 929 569 quam
943 508 1043 569 poena
1058 501 1136 553 tem-

114 597 187 658 pore
206 581 301 659 prior,
320 579 472 640 emendari
490 596 579 657 quam
597 595 721 657 peccare
739 580 889 657 posterius
908 586 962 640 est
990 597 1068 658 ergo
1082 580 1136 641 ad-

114 685 219 729 versus
239 685 342 728 novam
360 665 584 746 provincialium
599 666 769 743 superbiam
783 667 904 745 dignum
917 666 976 728 lide
989 676 1136 730 constan·

74 776 101 816 ιε
115 759 215 834 tiaque
229 755 359 816 Romana
372 757 522 834 capiamus
535 753 705 836 consilium,
720 772 779 834 quo
793 753 902 816 tutelae
916 756 1071 818 sociorum
1085 759 1134 818 ni-

114 845 157 905 hil
171 845 343 925 derogetur,
357 843 444 904 nobis
457 844 558 921 opinio
572 842 708 925 decedat,
722 842 817 923 qualis
832 844 958 925 quisque
972 842 1135 924 habeatur,

115 933 184 993 alibi
199 949 287 1010 quam
300 935 332 992 in
345 933 455 991 civium
469 930 580 993 iudicio
594 949 668 993 esse.
1077 950 1081 957 ’

180 1018 233 1082 21.
252 1019 328 1080 Olim
343 1019 464 1098 quidem
477 1037 537 1081 non
551 1020 639 1082 modo
652 1028 772 1100 praetor
786 1027 838 1082 aut
856 1019 974 1100 consul,
993 1021 1050 1081 sed
1069 1024 1131 1099 pn'-

115 1110 175 1170 vati
197 1109 283 1169 etiam
308 1108 514 1189 mittebantur,
538 1110 591 1189 qui
611 1111 778 1188 provincias
801 1111 933 1170 viserent
949 1115 981 1170 et
998 1109 1073 1187 quid
1092 1109 1134 1172 de

115 1198 260 1274 cuiusque
274 1196 418 1279 obsequio
433 1197 584 1258 videretur
597 1196 752 1277 referrent,
767 1195 1012 1276 trepidabantque
1022 1205 1136 1275 gentes

114 1285 151 1346 de
166 1287 369 1346 aestimatione
384 1285 582 1366 singulorum:
595 1294 625 1347 at
639 1304 720 1348 nunc
729 1284 855 1347 colimus
864 1293 1004 1346 externos
1014 1293 1047 1346 et
1056 1286 1133 1349 adu-

87 1373 223 1455 clamur,
242 1382 272 1435 et
291 1393 350 1454 quo
363 1375 451 1436 modo
465 1375 502 1437 ad
516 1382 622 1436 nutum
635 1373 760 1436 alicuius
774 1381 885 1455 grates,
904 1375 945 1436 ita
957 1377 1134 1452 promptius

115 1465 263 1526 accusatio
278 1464 457 1526 decernitur.
481 1463 716 1542 decernaturque
728 1471 758 1524 et
767 1471 884 1524 maneat
892 1462 1134 1542 provincialibus

115 1556 163 1614 tus
177 1555 338 1632 potentiam
352 1570 436 1614 suam
450 1551 502 1614 tali
511 1552 598 1613 modo
608 1551 789 1613 ostentandi:
802 1551 855 1612 sed
864 1550 929 1612 laus
939 1549 1010 1612 lalsa
1020 1559 1052 1612 et
1061 1569 1131 1631 pre·

116 1641 201 1702 cibus
219 1658 359 1720 expressa
378 1640 501 1720 perinde
520 1639 694 1702 cohibeatur
712 1658 802 1720 quam
814 1638 938 1720 malitia,
956 1657 1045 1718 quam
1060 1657 1133 1702 cru·

116 1728 229 1790 delitas.
256 1729 341 1809 plura
355 1747 443 1808 saepe
457 1738 632 1809 peccantur,
650 1727 721 1790 dum
740 1729 929 1790 demeremur
946 1745 1036 1807 quam
1056 1727 1133 1790 dum

76 1839 102 1878 ιο
116 1818 301 1879 offendimus.
330 1817 473 1897 quaedam
490 1818 580 1878 immo
594 1819 720 1878 virtutes
734 1816 802 1878 odio
816 1824 899 1897 suut,
918 1819 1062 1878 severitas
1076 1816 1133 1878 ob·

117 1909 236 1987 stinata,
255 1908 383 1967 invictus
402 1906 558 1967 adversum
576 1907 700 1985 gratiam
718 1908 843 1967 animus.
877 1905 947 1966 inde
965 1905 1049 1965 initia
1068 1924 1131 1965 ma-

116 1998 294 2074 gistratuum
308 2003 479 2055 nostrorum
491 1993 613 2054 meliora
627 1995 720 2056 terme
735 2002 765 2055 et
778 1994 846 2054 linis
860 1993 995 2073 inclinat,
1010 1993 1082 2053 dum
1096 1995 1144 2056 in>

115 2085 237 2143 modum
251 2082 473 2143 candidatorum
487 2081 627 2159 sullragia
640 2083 858 2160 conquirimus:
878 2099 953 2162 quae
967 2083 994 2141 si
1007 2098 1130 2142 arcean-

116 2179 178 2249 tur,
193 2168 376 2249 aequabilius
391 2180 478 2247 atque
492 2170 677 2230 constantius
690 2171 860 2248 provinciae
875 2177 1026 2250 regentur.
1058 2187 1129 2230 nam

75 2279 103 2320 ιε
116 2267 150 2321 ut
163 2267 245 2318 metu
259 2257 491 2336 repetundarum
505 2256 630 2318 infracta
643 2259 765 2318 avaritia
779 2265 837 2338 est,
857 2259 897 2319 ita
915 2260 1007 2320 vetita
1020 2261 1129 2336 gratia·

115 2365 183 2408 rum
197 2348 313 2408 actione
327 2346 448 2407 ambitio
462 2341 671 2408 cohibebitur?

182 2433 235 2498 22.
253 2435 358 2514 Magno
372 2436 501 2497 adsensu
514 2433 662 2498 celebrata
677 2437 837 2516 sententia,
856 2444 1029 2496 nontamen
1043 2453 1128 2496 sena-

115 2533 165 2587 tus
175 2525 343 2588 consultum
357 2526 461 2603 perfici
474 2527 580 2606 potuit,
594 2524 792 2587 abnuentibus
807 2522 980 2585 consulibus
993 2542 1028 2584 ea
1043 2524 1079 2584 de
1095 2542 1128 2585 re

116 2614 251 2677 relatum.
274 2633 342 2676 mor
356 2623 476 2676 auctore
489 2615 624 2694 principe
639 2631 772 2693 sanxere,
786 2615 903 2692 nequis
917 2612 953 2674 ad
969 2611 1129 2674 concilium

116 2706 267 2764 sociorum
274 2704 401 2764 referret
408 2702 535 2782 agendas
544 2702 622 2782 apud
632 2709 767 2763 senatum
776 2719 831 2780 pro
841 2701 1029 2780 praetoribus
1036 2718 1129 2780 prove

89 2809 103 2849 c
117 2790 289 2851 consulibus
303 2800 414 2870 grates,
429 2809 488 2854 neu
502 2793 571 2870 quis
585 2808 619 2850 ea
632 2790 778 2869 legatione
793 2789 976 2868 iungeretur.

183 2877 280 2938 isdem
298 2878 472 2939 consulibus
490 2880 675 2958 gymnasium
693 2880 756 2938 ictu
775 2877 908 2939 fulminis
926 2877 1130 2959 conflagravit,

116 2966 289 3045 effigiesque
307 2968 339 3026 in
357 2984 392 3026 eo
406 2965 533 3027 Neronis
547 2965 583 3027 ad
597 2967 724 3026 informe
738 2982 789 3026 aes
802 2965 969 3045 liquefacta.
996 2973 1028 3027 et
1045 2976 1128 3028 motu

178 3155 235 3223 ao,
255 3161 289 3210 14
306 3150 522 3236 provincialium
539 3153 682 3210 Faernus:
704 3152 914 3224 prouinciarum
935 3157 940 3222 Ι
963 3155 1008 3222 at,
1027 3159 1045 3209 4
1063 3157 1130 3210 esti-

117 3225 242 3281 mationa
266 3223 485 3296 (extetimatione
503 3224 627 3292 Ernestt)
643 3226 648 3294 Ι
665 3231 680 3281 t
698 3225 743 3279 ius
769 3227 833 3282 odd.
851 3225 906 3280 Ad.
924 3224 1048 3280 Schmidt
1070 3231 1130 3293 (po-

116 3298 207 3352 testas
226 3295 396 3351 sententiam
415 3296 553 3365 Madvig),
572 3297 607 3362 cf.
626 3296 779 3362 Audacem,
797 3296 923 3350 Jahreab.
943 3295 986 3348 II
1001 3311 1029 3363 p.
1049 3300 1102 3351 113
1123 3297 1128 3369 l

118 3367 285 3438 optentandi
301 3370 338 3435 18
355 3365 539 3422 cohibeantur
555 3370 559 3432 Ι
577 3372 610 3420 14
625 3364 802 3436 aequabilius
808 3366 953 3436 Agricola:
964 3365 1130 3432 aequalibus

119 3437 173 3521 ltu
193 3438 349 3510 cohibetur,
367 3455 415 3494 em.
434 3437 552 3508 Lopsica
567 3441 572 3508 Ι
587 3438 664 3507 22,'t
685 3435 802 3493 efficiar*
824 3451 848 3475 ¹²
874 3435 1050 3490 vatestanae:
1071 3437 1130 3491 effi·

117 3525 178 3580 gres
197 3525 285 3579 usque
