2408 3870
112 174 177 238 358
460 172 629 228 CORNELII
647 173 767 228 Taciti

112 324 198 401 cipua
217 323 340 382 materia
358 324 389 381 in
408 320 525 382 laudem
543 324 688 401 principis
707 323 861 402 adsumpta
880 334 934 385 est.
968 345 1033 388 non
1055 332 1136 390 enim

112 409 213 470 solitas
228 418 342 470 tantum
357 409 457 488 fruges
472 428 527 470 uec
542 411 698 471 confusum
713 411 840 473 metallis
852 430 959 474 aurum
973 417 1073 497 gigni,
1084 421 1136 479 sed

72 515 98 557 ro
111 516 185 559 nova
200 492 336 559 ubertast
356 500 514 578 provenire
533 508 644 559 terram
663 507 693 559 et
711 500 813 561 obvias
827 518 899 579 opes
913 501 1037 564 deferre
1053 507 1137 584 deos,

112 605 246 666 quaeque
261 586 317 647 alia
331 605 445 648 summa
460 585 596 647 facundia
614 605 670 648 nec
688 589 803 649 minore
822 588 991 651 adulatione
1011 595 1137 656 servilia

111 676 270 754 fingebant,
285 677 384 737 securi
397 675 434 736 de
449 675 588 736 facilitate
603 675 761 737 credentis.

178 761 207 825 3.
223 763 372 826 Gliscebat
385 764 505 823 interim
520 762 636 824 ltuuria
646 783 699 844 spe
711 768 801 847 inani,
815 767 1137 851 consumebanturque

112 861 227 914 veteres
241 871 313 932 opes
328 853 413 932 quasi
426 851 541 933 abluite,
561 870 634 932 quas
648 853 758 915 multos
771 873 826 934 per
837 872 932 916 annos
944 857 1136 937 prodigeret.

112 944 184 1021 quin
199 950 229 1001 et
243 941 312 1000 inde
326 943 384 1000 iam
398 939 592 1022 largiebatur;
610 950 641 1001 et
661 942 830 1005 divitiarum
844 947 1030 1024 exspectatio
1053 950 1137 1010 inter

112 1047 216 1090 causas
235 1030 418 1108 paupertatis
438 1028 574 1108 publicae
592 1038 664 1090 erat.
696 1049 763 1091 nam
782 1030 905 1112 Bassus,
928 1033 1041 1095 effosso
1062 1055 1137 1116 agro

85 1136 166 1178 ssuo
185 1117 311 1196 latisque
330 1118 444 1178 circum
462 1120 554 1199 arvis,
577 1118 648 1179 dum
670 1117 750 1180 buno
769 1118 815 1180 vel
838 1119 922 1181 illum
940 1120 1045 1183 locum
1064 1143 1136 1204 pro-

111 1207 196 1266 missi
210 1223 318 1285 specus
332 1205 494 1288 adseverat,
513 1214 739 1287 sequunturque
753 1226 814 1268 non
827 1208 915 1270 modo
929 1208 1060 1293 milites,
1081 1215 1136 1274 sed

111 1293 239 1374 populus
253 1296 415 1373 agrestium
430 1296 584 1357 alliciendo
599 1298 683 1375 operi
698 1295 881 1377 adsumptus,
894 1297 1016 1359 tandem
1031 1305 1137 1378 posita

112 1383 278 1463 vaecordia,
301 1402 361 1444 non
387 1383 459 1444 falsa
484 1393 570 1445 antea
589 1385 701 1445 somnia
721 1403 774 1445 sua
793 1401 885 1464 seque
903 1393 977 1448 tuuc
994 1391 1137 1466 primum

112 1473 228 1534 elusum
237 1473 394 1553 admirans,
407 1472 553 1551 pudorem
568 1480 598 1532 et
611 1481 724 1534 metum
733 1482 830 1534 morte
842 1472 1005 1536 voluntaria
1015 1478 1136 1558 effugit.

73 1561 232 1641 mquidem
250 1563 382 1622 vinetum
401 1579 435 1621 ac
453 1579 521 1621 mox
540 1561 695 1621 dimissum
713 1561 864 1622 tradidere
878 1561 1026 1643 ademptis
1042 1565 1136 1628 bonis

112 1653 142 1710 in
157 1650 255 1711 locum
269 1652 368 1728 regiae
382 1668 479 1729 gazae.
1056 1642 1066 1661 ⁸

178 1737 207 1800 4.
227 1738 343 1800 Interea
357 1746 491 1817 senatus,
509 1740 677 1819 propinquo
692 1741 751 1799 iam
764 1738 880 1800 lustrali
895 1742 1063 1803 certamine
1068 1791 1077 1824 ,
1099 1754 1136 1805 ut

113 1827 242 1888 dedecus
256 1834 415 1908 averteret,
437 1827 523 1887 oliert
540 1829 714 1907 imperatori
732 1829 886 1889 victoriam
904 1836 1009 1890 cantus
1025 1831 1134 1894 adicit-

112 1935 170 1996 que
194 1915 347 1977 facundiae
373 1933 526 1998 coronam,
555 1933 612 1994 qua
635 1915 749 1976 ludicra
772 1916 945 1978 deformitas
967 1916 1133 1982 velaretur.

112 2006 164 2065 sed
179 2004 256 2064 Nero
271 2003 345 2064 nibil
359 2002 471 2066 ambitu
485 2022 540 2065 nec
554 2011 701 2083 potestate
722 2011 843 2067 senatus
861 2023 937 2086 opus
955 2023 1023 2066 esse
1044 2007 1133 2070 dicti-

86 2112 98 2151 s
112 2103 188 2173 tans,
207 2111 239 2152 se
255 2110 382 2171 aequum
396 2091 552 2153 adversum
567 2092 698 2154 aemulos
712 2101 743 2153 et
756 2092 899 2172 religione
918 2092 1056 2155 iudicum
1069 2115 1132 2158 me-

112 2184 200 2242 ritam
213 2179 330 2239 laudem
344 2178 568 2261 adsecuturum,
587 2182 684 2260 primo
699 2198 819 2242 carmen
839 2182 870 2243 in
885 2197 991 2244 scaena
1005 2188 1132 2265 recitat,

112 2288 180 2330 mox
199 2268 349 2345 llagitante
368 2267 454 2346 vulgo
474 2278 507 2329 ut
530 2270 628 2328 omnia
650 2270 747 2331 studia
771 2286 823 2331 sua
846 2269 1014 2350 publicaret
1040 2267 1131 2356 (haec

113 2360 191 2419 enim
206 2356 295 2417 verba
311 2349 427 2441 dixere)
441 2356 609 2436 ingreditur
622 2357 785 2439 theatrum,
805 2360 921 2420 cunetis
939 2357 1076 2422 citharae
1090 2362 1131 2422 le-

113 2447 199 2527 gibus
214 2446 435 2524 obtemperans‚
457 2464 495 2506 ne
507 2446 606 2506 'lessus
620 2445 779 2527 resideret,
797 2463 836 2506 ne
856 2446 996 2507 sudorem
1010 2450 1073 2510 nisi
1086 2467 1128 2530 ea,

74 2557 99 2594 10
114 2554 201 2617 quam
215 2534 334 2595 indutui
348 2533 482 2615 gerebat,
500 2544 582 2595 veste
596 2534 780 2615 detergeret,
794 2541 828 2596 ut
842 2533 921 2596 nulla
935 2537 998 2596 oris
1012 2548 1067 2598 aut
1080 2555 1129 2599 na·

113 2628 190 2686 rium
211 2631 398 2684 excrementa
416 2624 594 2683 viserentur.
625 2630 776 2700 postremo
795 2621 890 2684 ssexus
908 2640 988 2702 genu
1009 2633 1042 2684 et
1064 2644 1129 2686 coe-

114 2724 176 2775 tum
195 2712 279 2772 illum
296 2729 385 2771 manu
404 2717 562 2772 veneratus
581 2713 743 2771 sententias
761 2709 894 2772 iudicum
915 2712 1130 2791 opperiebatur

114 2804 182 2863 ficto
197 2817 314 2879 pavore.
347 2807 376 2859 et
395 2798 480 2878 plebs
494 2797 613 2878 quidem
632 2796 724 2879 urbis,
743 2797 922 2861 histrionum
944 2817 1066 2881 quoque
1081 2820 1130 2882 ge-

115 2903 179 2953 stus
197 2892 298 2949 iuvare
320 2888 418 2968 solita,
441 2885 619 2967 personabat
637 2889 728 2948 certis
746 2887 842 2948 modis
863 2886 1031 2968 plausuque
1050 2909 1130 2952 cum-

75 2999 100 3041 15
114 2982 220 3062 posito.
248 2977 387 3038 crederes
400 2976 512 3056 laetari,
526 2993 560 3037 ac
574 2976 699 3037 sortasse
713 2975 899 3039 laetabantur
910 2994 966 3056 per
979 2979 1131 3041 incuriam

115 3069 228 3151 publici
240 3066 352 3144 flagitii.

183 3153 212 3219 5.
245 3155 304 3216 Sed
332 3155 384 3234 qui
410 3155 534 3214 remotis
558 3170 575 3213 e
598 3154 769 3232 municipiis
792 3170 955 3234 severaque
976 3152 1078 3216 adbuc
1103 3164 1133 3217 et

188 3311 214 3378 2,
230 3315 246 3363 9
260 3308 383 3364 metallis
398 3305 462 3362 aliis
475 3307 636 3376 Nepperdey
651 3309 656 3374 Ι
673 3311 706 3360 10
719 3320 823 3360 novam
835 3305 994 3360 ubertatem
1008 3323 1038 3376 p.
1054 3309 1133 3364 berra

117 3383 248 3454 Agricola
264 3383 269 3449 Ι
286 3386 317 3434 11
337 3378 459 3433 minores
480 3380 484 3447 Ι
506 3378 533 3444 3,
553 3383 569 3432 9
588 3375 739 3431 ammirans
759 3375 911 3444 (affirmans
929 3375 1106 3451 Nipperdey)
1127 3380 1131 3451 t

117 3456 144 3521 4,
165 3460 196 3508 11
215 3452 358 3520 viserent!
377 3457 409 3506 15
427 3447 565 3502 incuriam
582 3448 742 3503 Arideliuae
766 3445 900 3501 iniuriam
915 3447 920 3516 Ι
935 3445 962 3512 tt,
983 3451 997 3498 1
1018 3462 1133 3504 severe-

119 3540 189 3594 que.
202 3519 357 3576 .retinente
371 3519 456 3574 Italia
465 3519 608 3590 Apttcole:
628 3533 808 3586 teneramque
820 3559 825 3571 .
837 3514 1008 3572 ‚retinentes
1018 3515 1134 3575 italiam
