2392 3876
271 189 320 248 aa
338 184 498 248 rxocssc
515 177 670 246 auocari
688 175 708 246 1.
728 186 842 246 o-n
1021 181 1064 254 aa
1112 138 1118 143 ¹

56 339 215 422 asperitate
238 342 362 404 remedii
385 359 474 420 quam
497 339 618 400 sceleris
640 342 790 400 memoria.
826 340 1064 402 centurionatum

56 432 125 493 inde
147 433 215 509 egit.
253 434 361 492 citatus
380 430 416 490 ab
434 431 612 508 imperatore
630 446 747 509 nomen,
766 427 912 507 ordinem,
931 428 1065 506 patriam,

57 537 215 580 numerum
231 519 458 599 stipendiorum,
478 534 553 597 quae
568 522 688 577 strenue
703 519 733 575 in
749 516 869 594 proeliis
883 514 1016 594 lecisset,
1036 521 1066 599 et
1100 553 1107 566 ·

57 611 108 669 cui
127 615 212 668 erant
231 607 307 668 dona
324 606 477 686 militaria,
500 602 613 665 edebat.
651 604 822 684 si-tribuni,
842 607 867 664 si
885 603 962 680 legio
980 602 1064 663 indu·
1080 617 1104 656 so

57 699 159 757 striam
183 697 442 773 innocentiamque
471 692 716 773 adprobaverant,
745 691 891 753 retinebat
918 691 1065 751 ordinem:

55 784 109 847 nbi
124 786 276 844 avaritiam
291 790 342 845 aut
361 781 565 843 crudelitatem
585 799 732 842 consensu
752 780 991 860 obiectavissent,
1011 779 1066 839 sol·

16 896 19 901 ⁴
56 872 180 933 rebatur
194 871 304 932 militia.
837 906 841 911 -

124 957 176 1021 45.
193 959 242 1020 Sic
257 961 428 1038 compositis
442 957 649 1037 praesentibus
663 958 741 1019 baud
757 961 854 1019 minor
862 958 955 1021 moles
965 975 1067 1038 super-

59 1057 123 1108 erat
138 1047 176 1107 ob
191 1044 330 1108 ferociam
345 1049 470 1126 cointae
489 1054 518 1107 et
536 1049 785 1107 unetvicensimae
805 1046 967 1126 legionum,
986 1065 1067 1107 sexa·

58 1138 224 1215 gensirnum
242 1137 320 1215 apud
340 1134 467 1214 lapidem
485 1128 566 1218 <loco
581 1134 686 1195 Vetera
704 1153 811 1196 nomen
831 1129 891 1218 est)
910 1134 1068 1195 hibernan-

59 1227 142 1285 tium.
188 1243 256 1285 nam
280 1226 369 1302 primi
397 1224 573 1283 seditionem
594 1230 823 1301 coeptaverant:
851 1226 1067 1285 atrocissimum

41 1313 197 1394 ,quodque
212 1314 328 1374 lacinus
342 1311 449 1371 borum
468 1311 604 1371 manibus
623 1319 785 1391 patratum3
803 1329 858 1372 nec
877 1329 971 1390 poena
991 1325 1093 1372 com-⁵

58 1400 226 1461 militonum
246 1401 382 1459 exterriti
400 1415 455 1457 nec
475 1400 653 1474 paenitentia
668 1401 804 1459 conversi
817 1402 877 1458 iras
892 1400 1068 1460 retinebant.

57 1490 151 1564 igitur
172 1487 280 1546 Caesar
305 1503 385 1545 arma
411 1484 536 1544 classem
558 1487 654 1545 socios
675 1485 829 1545 demittere
851 1486 954 1547 llheno
976 1497 1069 1569 parat,

61 1577 87 1634 si
102 1576 261 1651 imperium
276 1573 472 1651 detrectatur,
490 1570 568 1631 bello
582 1580 759 1634 certaturus.

49 1679 52 1683 ·
126 1658 178 1722 46.
194 1660 231 1720 At
245 1658 353 1719 Rornae
367 1660 498 1719 nondum
513 1662 639 1741 cognito,
659 1663 709 1739 qui
728 1661 835 1722 luisset
849 1663 947 1722 exitus
960 1665 990 1723 in
1005 1662 1069 1742 llly-

59 1753 133 1829 rico,
148 1755 178 1809 et
191 1748 341 1826 legionum
356 1746 596 1809 Germanicarum
611 1756 693 1809 motu
708 1749 822 1828 audito,
837 1750 952 1828 trepida
966 1753 1069 1811 civitas

58 1842 197 1899 incusare
212 1836 365 1897 'liberium
384 1836 476 1916 quod,
495 1836 565 1896 dum
584 1844 684 1915 patres
703 1845 733 1898 et
750 1836 880 1917 plebem,
901 1838 1025 1900 invalida
1040 1848 1070 1900 et

58 1929 195 2005 inermia,
216 1927 405 1986 cunctatione
420 1925 487 1985 ficta
502 1923 679 2006 ludificetur,
694 1925 836 1986 dissideat
850 1928 970 1987 interim
983 1928 1068 1990 miles

59 2033 155 2094 neque
170 2014 298 2075 dirorum
312 2012 546 2090 adulescentium
556 2013 686 2074 nondum
697 2013 796 2075 adulta
806 2017 980 2076 auctoritate
991 2029 1068 2078 corn·
1083 2031 1095 2071 c

58 2104 146 2182 primi
157 2110 254 2181 qureat.
277 2105 322 2162 ire
332 2104 430 2180 ipsum
445 2108 474 2161 et
489 2119 639 2179 opponere
652 2105 836 2164 maiestatem
849 2105 1069 2182 imperatoriam

60 2188 199 2251 debuisse
218 2191 362 2270 cessuris,
381 2189 433 2249 ubi
451 2192 617 2268 principem
630 2190 716 2269 longa
730 2193 912 2270 experientia
928 2193 1069 2255 eundem-

60 2296 118 2358 que
137 2280 303 2338 severitatis
324 2286 354 2338 et
371 2279 590 2338 munificentiae
610 2297 759 2339 summum
777 2280 927 2341 vidissent.
956 2300 992 2342 an
1011 2281 1068 2341 Au-

60 2374 179 2444 gustum
194 2366 271 2426 lessa
286 2368 380 2427 aetate
394 2369 504 2426 totiens
518 2368 549 2426 in
564 2366 736 2427 Germanias
746 2386 911 2429 commeare
922 2373 1068 2448 potuisse:

58 2453 212 2514 Tiberium
226 2457 374 2533 vigentem
388 2458 472 2514 annis
487 2453 591 2514 sedere
605 2456 637 2514 in
651 2463 769 2535 senatu,
788 2456 876 2516 verba
890 2466 1008 2535 patrum
1022 2478 1068 2519 ca·
1083 2474 1108 2512 1⁰

59 2539 229 2604 villantem?
257 2545 328 2603 satis
350 2550 543 2621 prospectum
566 2541 695 2603 urbanae
720 2546 869 2605 servituti:
892 2545 1069 2608 militaribus

59 2632 166 2690 animis
181 2630 345 2690 adhibenda
360 2629 503 2708 fomenta,
516 2638 551 2689 ut
565 2630 643 2690 serre
657 2649 759 2709 pacem
775 2631 873 2693 velint.

126 2715 178 2776 47.
202 2717 360 2778 lmnrotum
379 2717 521 2778 adversus
539 2735 590 2777 eos
609 2736 761 2780 sermones
780 2722 930 2800 finiumque
949 2721 1068 2784 'liberio

60 2804 117 2863 luit
136 2821 195 2863 non
212 2807 348 2864 omittere
362 2812 451 2882 caput
465 2822 566 2866 rerum
580 2824 677 2886 nequa
692 2826 724 2868 se
738 2827 861 2888 remque
875 2810 1023 2888 publicam
1037 2815 1067 2872 in

59 2909 161 2953 casum
181 2891 260 2952 dare.
288 2891 380 2953 multa
394 2895 504 2972 quippe
518 2903 548 2954 et
562 2895 677 2956 diversa
695 2896 855 2974 angebant:
873 2899 996 2959 validior
1014 2918 1069 2978 per

58 2981 245 3040 Germaniam
265 2982 426 3062 exercitus,
446 2983 569 3061 propior
587 2983 666 3062 apud
683 2983 876 3068 Pannoniam3
896 2987 946 3048 ille
965 2987 1067 3048 Gallia-

58 3087 126 3129 rum
141 3068 247 3147 opibus
262 3069 419 3150 subnixus,
437 3068 487 3130 bic
501 3069 600 3132 ltaliae
615 3074 775 3135 inminens:
793 3092 868 3153 quos
882 3077 974 3153 igitur
988 3085 1067 3136 ante·
1082 3089 1095 3129 ⁵

57 3154 173 3217 ferret?
196 3176 229 3217 ac
249 3176 286 3218 ne
304 3161 462 3237 postpositi
486 3160 661 3221 contumelia
686 3162 924 3223 incenderentur.
963 3172 992 3223 at
1014 3182 1068 3241 per

57 3244 134 3306 lilios
149 3249 262 3323 pariter
276 3247 351 3308 adiri
370 3250 521 3308 maiestate
536 3249 626 3329 salva,
646 3252 695 3310 oui
708 3253 803 3310 maior
817 3269 833 3310 e
847 3250 1068 3330 longinquo‘re·

128 3379 174 3445 44,
190 3387 224 3434 20
239 3381 313 3434 dona
329 3382 362 3439 P.
383 3381 532 3438 Victorius:
552 3355 670 3438 donaria
683 3386 781 3453 (manile
794 3385 891 3440 citium
906 3391 932 3452 6,
946 3390 982 3440 48
995 3383 1067 3439 ludi-

55 3447 118 3503 bria
145 3452 174 3503 et
201 3451 449 3520 pericularia)121
470 3453 597 3507 ordinem
618 3453 732 3524 Theoplt.
752 3456 904 3525 Kiesaliop:
929 3456 1040 3511 ordines
1061 3458 1065 3530 Ι

53 3520 102 3586 46,
122 3527 137 3574 ’1
156 3520 249 3590 longe,
268 3524 342 3578 unde
359 3523 450 3580 Ritter
467 3522 570 3593 longae
589 3523 779 3593 experientiae
