2408 3870
124 170 188 233 172
473 166 642 225 CORNELII
659 167 778 224 bacini

95 319 231 382 ⁶cotidie
251 320 359 398 sentio,
378 319 404 378 si
423 313 505 379 scic’
533 317 606 378 adeo
625 317 756 380 facinora
774 324 863 396 atque
882 316 991 396 flagitia
1007 336 1061 381 sua
1075 320 1137 398 ipsi

122 425 240 488 quoque
253 409 285 467 in
298 406 478 487 supplicium
490 414 649 469 verterant
676 424 774 485 neque
788 405 899 467 frustra
912 409 1133 485 praestantissi-

122 516 188 558 mus
197 497 357 576 sapientiae
371 495 489 556 firmare
504 493 609 557 solitus
623 503 680 575 est,
692 496 720 556 si
731 492 924 557 recludantur
938 503 1134 574 tyrannorum

120 593 243 667 mentes,
257 602 345 665 posse
359 586 453 663 aspici
466 582 593 645 laniatus
606 591 637 644 et
650 584 737 664 ictus,
752 583 874 662 quando
884 590 917 645 ut
931 601 1058 663 corpora
1068 602 1133 647 rer·

120 675 252 754 beribus,
266 675 306 734 ita
316 674 446 751 saevitia,
460 671 591 751 libidine,
605 670 690 733 malis
704 669 848 733 consultis
858 673 974 735 animus
990 672 1134 738 dilacere-

81 775 107 815 11
121 771 178 826 tur.
207 764 316 842 quippe
331 759 485 820 Tiberium
503 777 563 820 non
581 759 717 840 fortuna,
733 778 793 823 non
808 759 982 825 solitudines
996 768 1134 840 protege-

120 851 204 931 bant,
223 851 294 929 quin
313 855 460 910 tormenta
479 850 608 926 pectoris
626 866 755 927 suasque
773 850 837 927 ipse
856 866 966 926 menas
981 849 1135 912 fateretur.

188 936 216 999 7.
231 937 307 998 'lum
321 937 397 999 lacta
411 935 546 1015 patribus
559 944 705 1016 potestate
720 937 870 999 statuendi
878 938 916 999 de
926 937 956 998 C.
967 937 1137 1001 Caeciliano

121 1034 266 1107 senatore,
281 1027 334 1106 qui
346 1024 474 1104 plurima
487 1025 644 1089 adversum
653 1025 768 1091 Cottam
781 1033 976 1106 prompserat,
990 1026 1134 1105 placitum

121 1115 245 1177 eandem
263 1131 388 1193 poenam
406 1115 537 1193 inrogari
554 1131 641 1194 quam
660 1117 691 1176 in
705 1115 864 1176 Aruseium
882 1122 912 1175 et
927 1113 1137 1195 Sanquinium,

121 1210 310 1265 accusatores
323 1202 355 1264 L.
369 1203 515 1264 Arruntii:
530 1221 588 1282 quc
602 1221 662 1265 non
677 1202 756 1268 aliud
769 1202 1015 1269 honorificentius
1030 1202 1134 1264 Cottae

95 1295 232 1372 revenit,
251 1293 304 1372 qui
321 1290 429 1354 nobilis
444 1291 577 1371 quidem,
595 1299 642 1353 set
655 1309 746 1370 egens
757 1290 798 1353 'ob
814 1290 930 1370 luxum,
949 1309 1004 1369 per
1022 1291 1134 1370 llagitia

121 1381 247 1461 infamis,
261 1381 456 1443 sanctissimis
465 1379 724 1445 Arruntiiartibus
734 1380 878 1458 dignitate
891 1379 1014 1441 ultionis
1028 1397 1136 1458 aequa·

121 1470 218 1530 batur.

189 1557 222 1628 Q.
238 1557 382 1619 Servaeus
401 1557 524 1636 posthac
542 1565 574 1618 et
590 1556 738 1619 Minucius
753 1556 901 1624 Thermus
919 1557 1048 1636 inducti,
1067 1556 1135 1618 Ser·

122 1664 211 1707 vacus
225 1652 365 1725 praetura
378 1646 499 1709 iunctus
513 1652 544 1706 et
558 1644 706 1723 quondam
720 1644 887 1713 Germanici
907 1663 1021 1725 comes,
1038 1644 1134 1707 11166-

82 1746 107 1784 10
122 1738 187 1796 cius
202 1737 335 1815 equestri
349 1733 427 1814 loco,
446 1733 579 1793 modeste
593 1731 693 1795 habita
708 1732 807 1795 Seiani
820 1735 962 1814 amicitia5
982 1734 1061 1795 unde
1076 1734 1137 1798 illis

122 1826 215 1885 maior
233 1823 393 1883 miseratio.
425 1828 528 1881 contra
547 1819 684 1883 Tiberius
705 1823 883 1901 praecipuos
900 1821 938 1883 ad
957 1824 1070 1883 scelera
1091 1825 1135 1888 in·

122 1929 247 1991 crepans
270 1910 425 1970 admonuit
446 1908 476 1968 C.
500 1908 632 1970 Cestium
655 1918 770 1988 patrem
792 1910 892 1973 dicere
915 1913 1033 1971 senatui
1059 1928 1136 1989 quae

123 2000 182 2061 sibi
208 1999 393 2076 scripsisset,
418 1998 609 2076 suscepitque
637 1997 753 2067 Cestius
780 2001 1008 2063 accusationem.
1051 1998 1134 2077 quod

122 2089 249 2148 maxime
263 2083 412 2150 exitiabile
427 2083 522 2145 tulere
536 2083 586 2145 illa
598 2091 744 2166 tempora,
764 2105 832 2149 cum
850 2089 997 2166 primores
1012 2095 1133 2148 senatus

84 2185 109 2226 1⁵
123 2176 240 2237 iniimus
254 2174 342 2234 etiam
357 2172 520 2235 delationes
533 2183 720 2255 exercerent,
738 2174 788 2238 alii
801 2175 965 2257 propalam,
979 2175 1066 2239 multi
1080 2194 1138 2254 per

124 2263 293 2343 occultum3¹
306 2280 404 2341 neque
417 2261 606 2325 discerneres
617 2261 728 2326 abenas
742 2265 954 2344 aconiunctls,
971 2265 1084 2325 amicos
1098 2263 1137 2324 ab

124 2353 241 2433 ignotis,
256 2351 325 2431 quid
341 2368 451 2430 repens
463 2359 516 2418 aut
528 2357 675 2413 vetustate
689 2350 863 2415 obscurum:
876 2352 1000 2431 perinde
1014 2355 1050 2415 iu·
1060 2353 1136 2431 loro,

123 2444 155 2503 in
169 2441 316 2521 convivio,
331 2457 448 2518 quaqua
462 2439 499 2503 de
513 2457 548 2500 re
561 2438 654 2501 locuti
666 2439 892 2521 incusabantur,
910 2447 945 2501 ut
963 2442 1031 2519 quis
1049 2459 1134 2520 prae·

123 2531 224 2591 venire
244 2536 274 2589 et
291 2546 378 2589 reum
397 2528 544 2591 destinare
562 2537 715 2608 properat,
737 2546 811 2606 pars·
829 2528 872 2593 ad·
889 2527 1056 2595 subsidium
1079 2531 1138 2608 sui,

83 2623 110 2668 ²⁰
123 2619 225 2698 plures
240 2619 342 2679 inlecti
361 2619 446 2695 quasi
464 2615 631 2683 valetudine
651 2623 681 2676 et
699 2624 846 2681 contactu.
874 2617 927 2678 sed
942 2616 1091 2679 librucius
1106 2627 1137 2678 et

125 2707 270 2768 Servaeus
289 2705 426 2773 damnati,
436 2703 586 2767 indicibus
603 2722 765 2771 accessere.
797 2706 944 2784 tractique
958 2713 1029 2772 sunt
1043 2707 1074 2769 in
1089 2723 1137 2766 ca·

124 2812 196 2855 sum
218 2794 346 2853 eundem
372 2792 468 2861 lulius
491 2793 648 2859 africanus
671 2811 691 2852 e
711 2791 849 2855 Santonis
872 2792 981 2855 Gallica
1008 2796 1138 2873 civitate,

126 2881 213 2943 Seius
227 2880 408 2953 Quadratus:
427 2882 574 2960 originem
590 2898 650 2940 non
664 2883 792 2960 repperi.
821 2899 922 2960 neque
932 2900 999 2947 sum
1013 2884 1138 2960 ignarus

124 2989 141 3031 a
154 2968 305 3049 plerisque
320 2968 515 3046 scriptoribus
530 2970 638 3035 caussa
652 2967 813 3031 multorum
826 2969 1004 3048 periculaet
1016 2989 1138 3050 poenas,

128 3059 195 3121 dum
215 3058 299 3135 copia
318 3055 459 3116 fatiscunt
477 3064 540 3136 aut,
561 3074 635 3135 quae
649 3057 722 3135 ipsis
736 3059 827 3117 nimia
841 3066 872 3119 et
884 3065 995 3119 maesta
1009 3059 1139 3140 fuerant,

198 3228 224 3296 l,
244 3233 258 3280 1
279 3225 307 3281 0.
328 3227 391 3283 odda
415 3226 531 3294 Wurml
548 3224 712 3294 6661111666,
739 3244 787 3284 em.
806 3227 921 3298 Lipsiae
935 3230 941 3298 Ι
957 3233 973 3282 8
990 3224 1140 3282 Aruleium

125 3299 279 3360 Belmina,
297 3299 360 3352 dem
373 3314 395 3354 c.
410 3301 447 3352 40
463 3301 467 3364 Ι
483 3294 651 3365 sanguninem
665 3295 929 3367 qsmguriumeont,
941 3297 1136 3369 Nmperdcybl

126 3377 142 3425 6
156 3367 259 3423 ultioni
273 3367 443 3437 sequebatur
458 3371 462 3434 1
480 3373 512 3422 11
526 3368 648 3440 patrem]
663 3371 823 3438 praetorem
835 3368 965 3438 Lipsiae
978 3370 1014 3434 cf.
1030 3368 1140 3425 Urlicbe
1179 3402 1181 3406 ν

124 3440 163 3563 {t
182 3439 280 3563 {elzeta
299 3438 375 3494 Mus.
395 3441 439 3506 31,
458 3442 512 3494 500
537 3441 541 3508 Ι
567 3445 599 3494 17
624 3436 743 3510 perinde
760 3439 923 3498 ermnnue:
947 3437 1087 3508 proinde!
1104 3444 1137 3493 21

138 3526 185 3564 rcc
200 3526 217 3563 a
230 3525 296 3577 aque
