2392 3876
259 180 307 235 ΑΒ
325 177 486 234 EXOESSU
503 177 659 234 AUGUSTI
675 177 747 233 ΧΙΠ.
767 184 879 235 10-14.
1004 177 1070 244 257

60 329 227 411 tribuebat,
246 329 296 390 ille
314 329 409 410 palam
428 328 595 407 largiretur.
628 337 693 389 tum
710 327 871 407 Agrippina
889 328 983 389 versis
1002 330 1071 388 arti-

61 420 118 482 bus
132 436 187 499 per
199 417 399 479 blandimenta
412 420 550 479 iuvenem
569 416 703 498 adgredi,
725 433 813 477 suum
830 418 930 496 potius
948 416 1069 477 cubicu-
1085 431 1113 472 ro

61 509 123 570 lum
137 526 172 568 ao
185 509 284 569 sinum
297 507 405 566 offerre
419 504 611 584 contegendis
626 523 701 584 quae
714 507 810 584 prima
819 513 899 565 aetas
914 512 945 566 et
956 522 1072 566 summa

62 598 180 658 fortuna
199 603 385 675 expeterent:
404 597 477 675 quin
495 602 526 655 et
543 593 690 666 fatebatur
707 596 944 674 intempestivam
962 595 1071 654 severi·

62 694 154 748 tatem
164 693 194 746 ct
203 701 325 746 suarum
334 701 434 763 opum,
444 700 520 762 quae
529 682 607 744 haud
616 683 722 762 procul
731 684 930 762 imperatoriis
939 675 1072 764 aberant,

62 776 162 853 copias
175 771 324 852 tradebat,
344 779 378 833 ut
391 774 480 832 nimia
499 789 596 851 nuper
615 771 781 833 coercendo
799 770 873 852 lilio,
890 773 933 832 ita
950 788 1071 832 rursum

60 866 295 940 intemperanter
304 860 441 922 demissa.
465 878 540 939 quae
554 862 677 921 mutatio
691 878 789 939 neque
799 859 946 922 Neronem
960 859 1112 940 lelellit,15

62 959 94 1012 et
110 952 239 1028 proximi
255 950 418 1010 amicorum
437 946 609 1009 metuebant
627 948 809 1029 orabantque
828 967 932 1010 carere
950 948 1072 1010 insidias

62 1036 197 1099 mulieris
221 1054 339 1115 semper
362 1037 483 1118 atrocis,
506 1043 570 1097 tum
593 1044 623 1097 et
646 1036 743 1106 sabae.
785 1038 862 1099 torte
885 1037 944 1098 lllis
966 1036 1072 1103 diebus
1154 1025 1159 1038 ’

63 1126 193 1188 Caesar
185 1134 320 1203 ruspecto
334 1133 454 1206 ornatu,
475 1142 533 1204 quo
548 1127 717 1204 principum
729 1128 872 1205 coniuges
883 1145 920 1188 ac
933 1134 1073 1205 parentes

63 1215 252 1294 effulserant,-
267 1213 369 1291 deligit
387 1222 499 1274 vestem
519 1221 549 1274 et
562 1230 693 1292 gemmas
706 1216 852 1292 misitque
860 1215 972 1282 donum
986 1216 1074 1275 matri

62 1303 144 1366 nulla
157 1305 344 1383 parsimonia,
359 1320 427 1364 oum
440 1304 600 1381 praecipua
614 1310 644 1362 et
656 1305 757 1382 cupita
766 1303 831 1363 aliis
840 1287 1072 1382 priordelerret.
1086 1318 1114 1358 eo

63 1393 117 1453 sed
131 1391 291 1470 Agrippina
306 1409 366 1451 non
380 1391 426 1452 his
441 1393 550 1452 instrui
564 1390 662 1452 cultus
677 1409 762 1472 arros,
781 1389 835 1451 sed
849 1393 958 1452 ceteris
977 1393 1075 1451 arceri

62 1479 225 1561 proclamat
238 1488 269 1540 et
281 1478 414 1540 dividere
428 1479 535 1559 lilium,
550 1497 625 1558 quae
641 1487 797 1542 cunctarer
812 1481 876 1558 ipsa
890 1477 1021 1540 baberet.

133 1565 182 1628 14.
205 1567 266 1627 Neo
285 1567 406 1628 deluere
425 1569 527 1646 quiin
547 1568 678 1629 deterius
696 1568 853 1629 referrent.
885 1575 915 1628 et
933 1566 1012 1627 Nero
1030 1568 1074 1627 in·

63 1658 167 1719 tensus
188 1658 239 1737 iis,
263 1655 371 1735 quibus
395 1655 534 1736 superbia
552 1656 705 1718 muliebris
722 1654 915 1736 innitebatur,
938 1655 1075 1716 demovet

63 1744 224 1806 Pallantem
243 1763 314 1806 cura
332 1762 446 1825 rerum,
466 1747 534 1824 quis
552 1764 568 1805 a
583 1745 704 1807 Claudio
721 1747 880 1824 impositus
897 1745 979 1805 velut
997 1742 1073 1804 arbi-

62 1836 155 1895 trium
168 1834 255 1911 regni
269 1833 385 1915 agebat,
404 1834 614 1913 ferebaturque
632 1834 824 1913 degrediente
838 1851 873 1894 eo
888 1851 992 1912 magna
1006 1851 1073 1912 pro-

63 1924 253 2002 sequentium
270 1922 460 1984 multitudine
478 1941 539 1984 non
557 1923 685 1984 absurde
703 1923 827 2003 dixisse,
845 1924 890 1984 ire
903 1921 1100 2002 Pallantem,a

62 2020 97 2074 ut
111 2013 249 2073 eiuraret.
276 2028 348 2072 sane
362 2014 517 2091 pepigerat
529 2010 636 2091 Pallas,
650 2029 688 2072 ne
702 2013 789 2073 ouius
803 2011 873 2072 lacti
886 2013 917 2071 in
931 2013 1073 2090 praeteri-

62 2108 127 2162 tum
140 2103 376 2180 interrogaretur
389 2118 536 2179 paresque
550 2102 680 2162 rationes
693 2119 762 2162 cum
772 2099 932 2179 republica
941 2099 1073 2162 baberet

62 2207 206 2270 praeceps
225 2189 348 2268 posthae
362 2189 524 2268 Agrippina
537 2192 626 2251 ruere
640 2189 676 2250 ad
690 2195 838 2250 terrorem
853 2197 884 2250 et
896 2190 1005 2270 minas,
1024 2206 1074 2249 ne·

64 2294 122 2356 que
136 2279 280 2356 principis
293 2277 417 2338 auribus
430 2276 594 2359 abstinere,
611 2296 672 2358 quo
693 2280 792 2339 uinus
809 2285 971 2339 testaretur
993 2276 1073 2338 adul-

63 2372 128 2426 tum
141 2366 200 2426 iam
214 2382 281 2426 esse
294 2365 512 2446 Britannicum,
529 2383 629 2426 reram
643 2364 821 2445 dignamque
836 2368 960 2444 stirpem
978 2368 1072 2426 susci·
1088 2379 1114 2420 ιο

62 2454 172 2534 piendo
185 2455 279 2533 patris
292 2455 431 2534 imperio,
450 2452 530 2531 quod
544 2454 652 2513 insitus
666 2460 697 2513 et
710 2455 867 2531 adoptivus
880 2471 935 2531 per
949 2455 1073 2514 iniurias

63 2543 167 2602 matris
177 2549 338 2602 exerceret.
361 2558 420 2601 non
434 2540 565 2600 abnuere
576 2557 617 2621 se,
631 2542 704 2620 quin
714 2549 821 2602 cuncta
830 2540 958 2602 infelicis
968 2540 1074 2602 domus

63 2627 139 2689 mala
157 2630 344 2708 patelierent,
365 2646 436 2689 suae
454 2629 485 2688 in
502 2630 608 2707 primis
625 2631 760 2710 nuptiae,
779 2646 867 2690 suum
885 2628 1074 2691 veneficium:

63 2717 94 2778 id
108 2715 205 2776 solum
219 2716 265 2776 dis
279 2724 310 2776 et
322 2715 381 2778 sibi
393 2718 554 2797 provisum,
568 2716 648 2797 quod
657 2718 771 2778 viveret
778 2718 941 2797 privignus.
963 2719 1072 2778 ituram

64 2823 133 2867 cum
146 2803 197 2865 illo
211 2806 242 2864 in
256 2811 366 2886 castra3
380 2805 534 2866 audiretur
547 2805 617 2867 hinc
626 2804 873 2888 Germanicililia,
885 2806 956 2867 inde
966 2805 1072 2868 debilis
1086 2819 1115 2862 ιι

62 2911 170 2957 rursus
184 2893 299 2954 Burrus
317 2902 347 2955 et
366 2894 433 2955 exul
448 2893 574 2976 Seneca,
591 2901 698 2956 murrea
716 2895 831 2957 scilicet
848 2913 938 2961 manu
955 2902 987 2957 et
1004 2913 1072 2975 pro·

62 2983 186 3044 sessoria
200 2983 300 3061 lingua
313 2986 431 3064 generis
444 2983 566 3045 humani
578 2985 712 3062 regimen
726 2983 956 3064 expostulantes.
982 2984 1074 3047 simul

61 3072 218 3134 intendere
236 3090 354 3153 manue,
378 3090 518 3153 aggerare
538 3072 661 3154 probra,
685 3080 892 3135 consecratum
909 3072 1073 3155 Claudium,

63 3162 196 3223 inleruos
212 3160 379 3222 Silanorum
393 3178 495 3223 manes
509 3164 647 3222 invocare
661 3170 692 3222 et
705 3168 749 3223 tot
763 3164 852 3223 inrita
866 3162 1006 3222 facinora.

134 3314 179 3382 la,
195 3321 227 3371 12
246 3313 467 3396 intempestate!
484 3320 517 3370 li
532 3313 654 3398 atrocius
670 3317 675 3385 Ι
690 3313 736 3382 14,
751 3313 920 3370 tarbitrum
933 3314 969 3371 al.
984 3314 1018 3381 ef.
1032 3313 1073 3368 H.

63 3387 89 3450 4,
107 3388 142 3439 21
180 3387 328 3454 erueret}
345 3391 378 3440 12
402 3383 484 3457 quin]
508 3384 557 3454 qui
575 3392 591 3441 1
610 3403 645 3441 m.
661 3385 801 3457 libiade
825 3383 926 3440 debilia
945 3384 1073 3454 Lipsius.

63 3452 180 3509 indeb'
215 3455 291 3524 (inde
308 3455 374 3510 vilis
393 3458 441 3526 ol.)
457 3459 462 3526 Ι
479 3461 512 3512 16
532 3457 653 3538 [Quas]
671 3457 820 3513 Acidaliae
844 3461 870 3512 et
888 3457 1017 3512 Murenae
1040 3455 1075 3514 V

62 3523 149 3582 Iaeott
168 3526 236 3594 XV,
253 3529 310 3597 161
327 3533 359 3582 11
379 3525 583 3598 expostulantis
598 3531 603 3598 Ι
620 3533 653 3584 19
671 3527 780 3584 inferno

115 3623 221 3666 'MOI'H
233 3625 351 3667 PABM.
824 3621 858 3674 17

10 3706 36 3731 ιΙ.

107 3812 168 3841 Ek„-
