2392 3876
138 149 199 212 110
483 141 789 198 conunnnrsorrr

133 312 220 374 quam
235 293 407 355 indecorum
422 292 588 353 adtrectare
603 293 682 371 quod
697 310 756 353 non
770 291 919 353 obtineret
932 291 979 352 vel
992 287 1178 358 retentum?

93 403 118 446 15
132 385 322 461 ignominiam
345 389 376 443 et
397 381 547 443 infamiam
569 383 702 442 virorum
725 381 894 442 inlustrium
917 390 1073 464 posceret,
1099 381 1172 465 po=¹

132 480 242 532 stremo
256 471 370 532 litteras
389 470 426 531 ad
444 476 579 530 senatum
598 471 779 549 composuit,
799 487 925 548 quarum
944 475 1099 533 sententia
1119 477 1151 535 in

131 560 211 622 bunc
225 559 346 620 modum
359 559 424 619 fuit

198 645 251 710 53.
277 644 402 708 ‘Ceteris
421 646 543 707 forsitan
562 647 594 706 in
612 645 716 727 rebus,
735 654 836 725 patres
854 649 1031 728 conscripti,
1049 653 1154 729 magis

132 738 270 817 expediat
291 754 337 797 me
362 752 461 796 coram
484 736 661 813 interrogari
680 742 711 795 et
729 735 828 795 dicere
847 735 918 814 quid
937 753 954 795 e
972 753 1005 796 re
1025 737 1152 815 publica

105 850 107 857 ’
133 843 282 887 censeam:
301 827 332 884 in
350 823 406 885 hac
424 822 566 884 relatione
586 822 721 883 subtrahi
740 822 842 884 oculos
860 840 942 884 meos
956 823 1065 885 melius
1082 827 1153 908 fuit,

132 931 170 973 ne
194 912 403 973 denotantibus
426 910 509 972 vobis
532 929 583 973 ora
606 929 640 972 ac
663 919 775 973 metum
798 911 995 992 singulorum,
1019 915 1074 992 qui
1094 933 1149 994 pu·

106 1000 223 1063 odendi
245 1000 332 1062 luxus
355 1008 565 1081 arguerentur,
592 1002 657 1079 ipse
676 1001 765 1061 etiam
783 999 914 1061 riderem
933 1018 983 1060 eos
1003 1019 1037 1061 ac
1064 1003 1151 1066 velut

133 1089 355 1167 deprenderem.
385 1089 464 1168 quod
479 1091 504 1148 si
518 1107 635 1150 mecum
649 1097 716 1149 ante
730 1089 787 1149 riri
801 1091 925 1169 strenui,
940 1088 1060 1172 aediles,
1077 1110 1150 1153 con·

133 1177 231 1238 silium
245 1176 431 1257 habuissent,
445 1178 546 1237 neseio
561 1195 598 1238 an
613 1195 756 1238 suasurus
770 1177 878 1237 fuerim
892 1179 1029 1238 omittere
1043 1183 1149 1257 potius

131 1265 297 1346 praeualida
312 1272 342 1325 et
355 1263 454 1325 adulta
468 1267 538 1325 vitia
552 1283 641 1345 quam
658 1264 715 1327 boo
734 1265 871 1346 adsequi,
892 1273 926 1326 ut
944 1265 1040 1344 palam
1059 1268 1150 1330 freret

132 1353 241 1434 quibus
263 1352 383 1432 flagitiis
405 1355 535 1433 impares
558 1372 700 1415 essemus.
746 1354 799 1415 scd
825 1353 869 1413 illi
897 1354 1016 1433 quidem
1046 1355 1149 1418 officio

94 1465 118 1503 ιο
133 1445 226 1504 functi
241 1450 319 1524 sunt,
333 1449 367 1503 ut
382 1450 498 1503 ceteros
512 1461 631 1522 quoque
645 1444 835 1522 magistratus
845 1460 898 1503 sua
908 1445 1007 1503 munia
1017 1444 1149 1523 implere

133 1531 232 1592 velim:
247 1531 320 1591 mihi
334 1538 433 1591 autem
447 1549 544 1611 neque
558 1532 717 1592 honestum
731 1531 819 1592 silere
834 1549 931 1610 neque
945 1530 1087 1611 proloqui
1097 1552 1148 1595 ex·

132 1620 278 1699 peditum,
302 1622 371 1699 quia
394 1638 454 1680 non
472 1619 575 1681 aedilis
594 1627 645 1680 aut
663 1621 810 1699 praetoris
829 1628 880 1680 aut
900 1619 1031 1680 consulis
1050 1625 1151 1699 partis

133 1710 274 1770 sustineo.
313 1710 407 1769 maius
430 1707 540 1787 aliquid
560 1716 589 1768 et
608 1708 754 1768 excelsius
773 1727 790 1768 a
808 1709 942 1788 principe
961 1709 1150 1792 postulatum

133 1805 164 1858 et
182 1815 251 1858 cum
269 1803 350 1858 recte
369 1796 515 1857 factorum
534 1795 591 1858 sibi
610 1798 736 1875 quisque
755 1799 878 1875 gratiam
898 1797 1028 1878 trabant,
1053 1801 1147 1860 unius

94 1906 119 1947 15
133 1886 241 1947 invidia
260 1883 296 1945 ab
315 1884 453 1946 omnibus
471 1892 620 1964 peccatur.
655 1884 725 1964 quid
744 1887 823 1945 enirn
841 1887 970 1964 primum
985 1885 1148 1964 probibere

133 1982 164 2035 et
177 1976 309 2053 priscum
322 1972 359 2033 ad
373 1990 487 2033 morem
500 1973 633 2033 recidere
648 1970 824 2051 adgrediar?
842 1973 1015 2034 villarumne
1030 1974 1148 2037 infinita

134 2058 249 2141 spatia?
276 2060 453 2122 familiarum
476 2078 634 2122 numerum
657 2068 688 2122 et
710 2059 866 2123 nationes?
888 2063 1003 2140 argenti
1026 2070 1057 2123 et
1079 2067 1149 2125 auri

133 2147 271 2231 pondus?
293 2152 371 2210 aeris
394 2148 620 2228 tabularumque
643 2147 806 2213 miracula?
833 2153 996 2230 promiscas
1019 2152 1092 2212 viris
1118 2160 1169 2227 et·

134 2240 252 2299 feminis
274 2245 373 2299 vestes
395 2246 484 2318 atque
508 2237 557 2298 illa
575 2239 752 2300 feminarum
770 2241 903 2320 propria,
927 2241 993 2318 quis
1012 2238 1148 2319 lapidum

94 2348 120 2387 eo
134 2346 223 2389 cansa
241 2328 385 2407 pecuniae
403 2334 522 2388 nostrae
536 2326 572 2390 ad
587 2335 724 2388 externas
738 2335 788 2388 ant
802 2327 918 2388 hostilis
933 2334 1035 2406 gentes
1049 2335 1148 2391 trans-

133 2413 296 2478 feruntur?

200 2501 252 2568 54.
274 2505 335 2566 Nec
353 2507 457 2582 ignoro
476 2498 511 2565 in'
526 2507 669 2565 conviviis
687 2512 718 2566 et
735 2503 857 2565 circulis
879 2505 1010 2566 incusari
1033 2506 1091 2565 ista
1116 2513 1148 2566 et

134 2595 255 2656 modum
268 2596 364 2674 posci:
379 2600 425 2654 set
438 2595 464 2653 si
478 2594 546 2672 quis
560 2592 655 2673 legem
669 2594 793 2673 sanciat,
807 2610 918 2672 poenas
932 2593 1051 2673 indicat,
1065 2593 1147 2654 idem

134 2681 176 2742 illi
191 2684 339 2743 civitatem
354 2684 442 2763 verti,
456 2681 695 2761 splendidissimo
709 2684 818 2761 cuique
832 2682 955 2742 exitium
968 2682 1080 2762 parari,
1094 2700 1146 2742 ne-

133 2771 244 2829 minem
258 2773 391 2831 criminis
405 2779 558 2850 expertem
572 2770 772 2833 clamitabunt.
796 2771 878 2849 atqui
887 2788 924 2830 ne
935 2770 1070 2848 corporis
1080 2772 1146 2848 qui-

108 2857 202 2916 sdem
229 2857 348 2918 morbos
366 2867 483 2921 veteres
507 2867 537 2920 et
560 2859 611 2920 diu
630 2866 733 2920 auctos
751 2860 809 2918 nisi
827 2876 881 2937 per
900 2858 973 2918 dura
992 2864 1023 2917 et
1040 2874 1147 2937 aspera

135 2951 285 3006 coerceas:
300 2955 460 3026 corruptus
475 2947 563 3008 simul
577 2954 607 3008 et
621 2954 787 3028 corruptor,
801 2964 888 3025 aeger
903 2954 932 3006 et
946 2945 1074 3025 flagrans
1084 2949 1147 3007 ani-

135 3051 201 3094 mus
211 3032 289 3092 haud
299 3032 459 3096 levioribus
468 3035 608 3096 remediis
617 3034 846 3114 restinguendus
854 3042 908 3116 est,
919 3052 1007 3114 quam
1016 3033 1147 3094 libidini·

135 3123 191 3184 bus
206 3121 342 3182 ardescit.
370 3128 415 3182 tot
428 3140 445 3182 a
459 3121 620 3183 maioribus
640 3130 774 3203 repertae
793 3123 885 3204 leges,
904 3131 948 3184 tot
967 3140 1040 3202 quas
1059 3123 1148 3184 divus

136 3212 288 3291 Augustus
311 3210 392 3290 tulit,
419 3208 485 3270 illae
511 3209 670 3292 oblivione,
695 3212 762 3293 bae,
788 3212 867 3290 quod
892 3210 1068 3290 flagitiosius
1091 3221 1149 3293 est,

97 3316 121 3355 ιο
137 3307 308 3380 contemptu
333 3298 457 3360 abolitae
477 3301 658 3360 securiorem
677 3301 779 3361 luxum
798 3300 904 3361 fecere.
942 3318 1010 3361 nam
1029 3302 1054 3361 si
1072 3299 1148 3360 velis

209 3487 255 3554 53,
274 3495 290 3542 2
310 3487 378 3557 quid
396 3504 426 3542 re
