2392 3876
294 153 342 208 AB
362 152 524 209 EXOESSU
541 153 698 209 AUGUSTI
714 154 761 209 111.
780 161 894 210 47-52.
1031 157 1093 221 109

83 305 187 365 lictum
202 305 322 382 impune
337 305 376 364 sit
390 310 421 364 et
434 321 489 365 nos
503 303 676 364 clementiae
692 303 780 364 simul
798 322 832 364 ac
851 305 1016 365 severitatis
1034 323 1094 365 non

83 394 240 472 paeniteat.
273 409 360 470 saepe
384 391 483 451 audiri
505 393 671 470 principem
694 399 831 453 nostrum
854 401 1095 472 conquerentem,
1110 407 1136 446 10

83 484 109 542 si
129 483 195 559 quis
214 487 330 558 sumpta
349 487 444 540 morte
462 480 695 541 misericordiam
715 482 779 541 eius
797 483 1006 559 praevenisset.
1036 483 1095 541 vita

82 571 207 631 Clutorii
221 570 252 628 in
267 570 383 647 integro
399 576 457 647 est,
477 569 529 646 qui
547 586 644 646 neque
664 576 798 629 servatus
816 571 846 629 in
866 569 1032 647 periculum
1051 571 1096 629 rei

81 658 217 740 publicae
237 674 333 735 neque
353 656 529 717 interiectus
548 658 579 716 in
599 655 766 735 exemplum
784 656 846 716 ibit.
875 657 973 718 studia
986 657 1042 737 illi,
1062 665 1095 717 ut

81 748 168 828 plena
190 744 376 826 vaecordiae,
404 746 445 804 ita
472 746 570 804 inania
593 752 623 804 et
645 744 723 805 lluxa
747 752 830 825 sunt;
857 763 913 805 nec
937 748 1096 824 quicquam

81 855 169 915 grave
190 853 224 895 ac
243 834 356 894 serium
375 850 411 892 ex
431 850 466 892 eo
484 841 613 913 metuas,
635 835 687 912 qui
701 851 824 895 suorum
837 835 902 911 ipse
916 832 1096 912 flagitiorum
1110 846 1136 885 1⁵

82 924 218 1003 proditor
231 939 290 981 non
300 923 551 1002 virorumanimis,
562 920 861 983 sedmuliercularum
871 921 995 1001 adre‘pit.
1010 922 1095 983 cedat
1148 991 1151 994 ,

83 1021 183 1071 tamen
197 1009 272 1071 urbe
288 1016 318 1069 et
331 1008 417 1069 bonis
432 1012 548 1070 amissis
563 1027 638 1088 aqua
652 1018 683 1070 et
696 1012 758 1088 igni
771 1016 920 1071 arceatur:
935 1010 1015 1089 quod
1029 1029 1095 1089 per·

84 1100 152 1160 inde
167 1115 274 1160 censeo
289 1116 323 1158 ac
338 1100 363 1157 si
377 1096 442 1175 lege
456 1099 619 1158 maiestatis
633 1094 807 1159 teneretur?

150 1184 202 1249 51.
228 1185 315 1247 Solus
333 1186 446 1266 Lepido
465 1185 621 1250 Rubellius
638 1185 767 1247 Blandus
787 1206 803 1246 e
822 1185 1028 1247 consularibus
1046 1187 1094 1248 ad-

83 1279 190 1338 sensit:
209 1277 301 1336 ceteri
322 1276 498 1335 sententiam
514 1276 660 1353 Agrippae
678 1277 787 1354 secuti,
806 1274 973 1353 ductusque
986 1276 1018 1335 in
1032 1292 1094 1335 car-

85 1382 183 1426 nerem
198 1363 320 1423 Priscus
339 1381 374 1423 ac
395 1364 494 1422 statim
514 1365 705 1422 exanimatus.
733 1362 762 1422 id
778 1361 916 1423 Tiberius
931 1361 1025 1423 solitis
1039 1362 1095 1423 sibi

84 1450 256 1530 ambagibus
275 1449 352 1528 apud
371 1458 507 1510 senatum
524 1452 682 1530 incusavit,
702 1468 769 1511 cum
788 1448 942 1510 extolleret
955 1452 1096 1528 pietatem

85 1541 219 1620 quamvis
233 1538 364 1598 modicas
378 1540 522 1617 principis
537 1539 660 1598 iniurias
679 1540 788 1598 acriter
805 1538 1029 1619 ulciscentium,
1048 1538 1096 1598 dc·
1111 1551 1124 1591 ⁵

84 1634 262 1708 precaretur
276 1635 335 1686 tam
354 1628 527 1705 praecipitis
545 1625 704 1687 verborum
722 1644 846 1706 poenas,
864 1625 999 1687 laudaret
1012 1626 1096 1704 Lepi-

84 1718 156 1778 dum
179 1732 276 1794 neque
296 1714 455 1794 Agrippam
474 1722 621 1794 argueret.
651 1716 743 1792 igitur
761 1715 871 1776 lactum
890 1722 1010 1775 senatus
1029 1732 1097 1775 con-

84 1805 211 1884 sultum,
230 1822 267 1863 ne
287 1803 405 1864 decreta
424 1811 543 1882 patrum
562 1810 629 1863 ante
645 1803 723 1864 diem
737 1805 885 1866 decimum
900 1803 935 1863 ad
951 1791 1132 1877 ceramum?

83 1894 273 1955 deferrentur
286 1890 376 1970 idque
390 1893 466 1952 vitae
487 1893 614 1971 spatium
633 1891 777 1952 damnatis
796 1899 1015 1971 prorogaretur.
1045 1891 1095 1952 sed

83 2000 143 2044 non
157 1982 274 2042 senatui
288 1979 410 2041 libertas
425 1980 460 2040 ad
475 1979 684 2060 paenitendum
699 1988 776 2061 erat,
790 1998 888 2060 neque
902 1978 1039 2043 Tiberius
1053 1982 1096 2040 in·
1112 1995 1137 2033 ιο

83 2073 215 2132 teriectu
228 2071 372 2148 temporis
385 2069 583 2147 mitigabatur.

151 2155 202 2220 52.
230 2157 261 2219 G.
285 2157 434 2236 Sulpicius
461 2157 494 2218 D.
512 2156 652 2219 Haterius
680 2157 817 2218 consules
846 2166 1025 2238 sequuntur,
1052 2161 1095 2218 in·

83 2246 222 2309 turbidus
241 2247 372 2307 externis
390 2245 482 2306 rebus
499 2264 607 2327 annus,
627 2246 706 2306 domi
726 2253 863 2325 suspecta
877 2248 1033 2307 severitate
1048 2245 1096 2306 ad-

23 2376 29 2382 ·
84 2353 203 2397 versum
216 2334 333 2414 luxum,
347 2336 399 2413 qui
413 2336 580 2396 inmensum
594 2341 773 2413 proruperat
786 2333 821 2394 ad
836 2343 951 2415 cuncta,
966 2336 1033 2414 quis
1046 2352 1096 2413 pe-

87 2426 175 2485 cunia
189 2423 365 2502 prodigitur.
394 2422 445 2482 scd
460 2422 515 2483 alia
529 2430 715 2502 sumptuum,
730 2425 863 2501 quamvis
878 2425 1023 2502 graviora,
1039 2422 1096 2481 dis·

87 2511 232 2573 simulatis
245 2509 422 2589 plerumque
435 2512 540 2590 pretiis
558 2508 796 2591 occultabantur3
815 2512 928 2571 ventris
942 2517 973 2570 et
987 2513 1095 2588 ganeae
1111 2522 1123 2562 5

83 2589 206 2681 paratus
219 2598 350 2658 adsiduis
365 2598 552 2659 sermonibus
566 2597 675 2677 vulgati
688 2599 821 2660 fecerant
835 2615 950 2677 curam,
964 2616 1002 2657 ne
1016 2600 1096 2676 prin·

85 2706 158 2766 ceps
172 2689 309 2764 antiquae
323 2687 519 2763 parsimoniae
533 2686 638 2747 durius
652 2685 827 2748 adverteret.
855 2703 923 2746 nam
936 2688 1095 2765 incipiente
1126 2745 1128 2747 ,

86 2775 117 2836 C.
136 2773 242 2835 Bibulo
267 2775 359 2834 ceteri
382 2791 500 2852 quoqne
523 2773 633 2835 aediles
656 2775 871 2856 disserueram,
894 2777 995 2854 sperni
1018 2793 1096 2836 sum·

83 2864 232 2944 ptuariam
256 2860 350 2947 legem
373 2864 521 2942 vetitaque
543 2863 715 2925 utensilium
737 2856 832 2944 pretia
851 2867 951 2942 augeri
971 2867 1002 2925 in
1023 2864 1096 2944 dies,

83 2972 141 3013 nco
160 2950 359 3012 mediocribus
379 2951 517 3013 remediis
536 2955 600 3013 sisti
618 2970 715 3032 posse.
748 2960 779 3013 ct
797 2952 924 3014 consulti
937 2962 1038 3032 patres
1053 2955 1095 3011 in·
1111 2965 1136 3004 1⁰

83 3050 201 3121 tegrum
222 3040 249 3100 id
270 3042 420 3120 negotium
440 3040 474 3102 ad
493 3043 658 3120 principem
678 3040 862 3102 distulerant.
890 3041 941 3102 sed
959 3040 1096 3100 'liberius

84 3133 172 3209 saepe
187 3128 264 3208 apud
279 3146 311 3190 sc
325 3132 485 3210 pensitato,
503 3148 540 3191 an
560 3132 692 3201 coerceri
711 3138 769 3191 tana
787 3131 926 3210 prolusac
941 3128 1096 3207 cupidines

82 3225 220 3298 possent,
244 3234 315 3279 num
334 3221 474 3279 coercitio
492 3218 560 3298 plus
579 3219 677 3279 damni
695 3220 727 3278 in
746 3236 809 3280 rem
827 3218 976 3297 publicam
995 3216 1095 3296 ferret,

155 3351 201 3420 50,
217 3357 250 3408 12
270 3354 326 3406 est:
346 3352 384 3406 sit
403 3353 523 3424 Modoip
538 3354 543 3420 1
559 3351 604 3418 51,
620 3359 636 3408 6
654 3353 749 3407 tamen
763 3353 889 3408 Heraens
904 3353 909 3422 l
924 3357 941 3406 8
956 3349 1095 3404 decimum

83 3424 148 3479 add.
168 3423 284 3493 Lipsius
308 3427 312 3491 Ι
337 3423 383 3489 52,
404 3429 416 3476 1
438 3423 569 3477 Haterius
587 3423 750 3480 Rhenanus:
769 3424 864 3478 harius
885 3425 890 3493 Ι
912 3429 945 3478 10
962 3421 1095 3476 remediis

83 3491 148 3549 sisti
168 3494 301 3549 Picbeno:
319 3492 437 3548 remedii
456 3493 505 3546 isli
