<?xml version="1.0" encoding="UTF-8"?>
<!DOCTYPE html PUBLIC "-//W3C//DTD XHTML 1.0 Transitional//EN"
    "http://www.w3.org/TR/xhtml1/DTD/xhtml1-transitional.dtd">
<html xmlns="http://www.w3.org/1999/xhtml" xml:lang="en" lang="en">
 <head>
  <title>
</title>
<meta http-equiv="Content-Type" content="text/html;charset=utf-8" />
  <meta name='ocr-system' content='tesseract 3.04.00' />
  <meta name='ocr-capabilities' content='ocr_page ocr_carea ocr_par ocr_line ocrx_word'/>
</head>
<body>
  <div class='ocr_page' id='page_1' title='image "./libriquisupersu00halmgoog_0309.png"; bbox 0 0 2392 3876; ppageno 0'>
   <div class='ocr_carea' id='block_1_1' title="bbox 102 125 788 233">
    <p class='ocr_par' dir='ltr' id='par_1_1' title="bbox 102 125 788 233">
     <span class='ocr_line' id='line_1_1' title="bbox 102 125 788 233; baseline -0.003 -13"><span class='ocrx_word' id='word_1_1' title='bbox 102 125 109 142; x_wconf 67' lang='grc'><em>’</em></span> <span class='ocrx_word' id='word_1_2' title='bbox 132 168 197 233; x_wconf 81' lang='lat'>298</span> <span class='ocrx_word' id='word_1_3' title='bbox 484 164 652 220; x_wconf 82' lang='lat' dir='ltr'>sennenn</span> <span class='ocrx_word' id='word_1_4' title='bbox 669 163 788 218; x_wconf 77' lang='lat' dir='ltr'>rnorrr</span> 
     </span>
    </p>
   </div>
   <div class='ocr_carea' id='block_1_2' title="bbox 28 312 1143 3052">
    <p class='ocr_par' dir='ltr' id='par_1_2' title="bbox 132 312 1139 395">
     <span class='ocr_line' id='line_1_2' title="bbox 132 312 1139 395; baseline -0.002 -17"><span class='ocrx_word' id='word_1_5' title='bbox 132 319 161 378; x_wconf 95' lang='lat' dir='ltr'>id</span> <span class='ocrx_word' id='word_1_6' title='bbox 190 316 378 395; x_wconf 89' lang='lat' dir='ltr'>solutumque</span> <span class='ocrx_word' id='word_1_7' title='bbox 406 333 500 394; x_wconf 89' lang='lat' dir='ltr'>poena</span> <span class='ocrx_word' id='word_1_8' title='bbox 529 314 632 375; x_wconf 86' lang='lat' dir='ltr'>luerat.</span> <span class='ocrx_word' id='word_1_9' title='bbox 680 315 737 374; x_wconf 92' lang='lat' dir='ltr'>line</span> <span class='ocrx_word' id='word_1_10' title='bbox 766 316 835 375; x_wconf 93' lang='lat' dir='ltr'>anni</span> <span class='ocrx_word' id='word_1_11' title='bbox 858 312 960 375; x_wconf 88' lang='lat' dir='ltr'>Vibius</span> <span class='ocrx_word' id='word_1_12' title='bbox 985 315 1139 378; x_wconf 79' lang='lat' dir='ltr'>Secundus</span> 
     </span>
    </p>

    <p class='ocr_par' dir='ltr' id='par_1_3' title="bbox 132 402 1139 485">
     <span class='ocr_line' id='line_1_3' title="bbox 132 402 1139 485; baseline -0.001 -18"><span class='ocrx_word' id='word_1_13' title='bbox 132 424 223 485; x_wconf 85' lang='lat' dir='ltr'>eques</span> <span class='ocrx_word' id='word_1_14' title='bbox 241 406 392 466; x_wconf 87' lang='lat' dir='ltr'>Romanus</span> <span class='ocrx_word' id='word_1_15' title='bbox 414 403 623 466; x_wconf 79' lang='lat' dir='ltr'>accusantibus</span> <span class='ocrx_word' id='word_1_16' title='bbox 642 402 752 464; x_wconf 89' lang='lat' dir='ltr'>Mauris</span> <span class='ocrx_word' id='word_1_17' title='bbox 770 402 1003 482; x_wconf 90' lang='lat' dir='ltr'>repetundarum</span> <span class='ocrx_word' id='word_1_18' title='bbox 1023 404 1139 466; x_wconf 86' lang='lat' dir='ltr'>damna·</span> 
     </span>
    </p>

    <p class='ocr_par' dir='ltr' id='par_1_4' title="bbox 93 492 1140 662">
     <span class='ocr_line' id='line_1_4' title="bbox 131 492 1140 574; baseline -0.002 -19"><span class='ocrx_word' id='word_1_19' title='bbox 131 502 181 556; x_wconf 91' lang='lat' dir='ltr'>tur</span> <span class='ocrx_word' id='word_1_20' title='bbox 195 501 283 574; x_wconf 86' lang='lat' dir='ltr'>atque</span> <span class='ocrx_word' id='word_1_21' title='bbox 297 493 379 555; x_wconf 91' lang='lat' dir='ltr'>ltalia</span> <span class='ocrx_word' id='word_1_22' title='bbox 393 495 534 573; x_wconf 81' lang='lat' dir='ltr'>exigitur,</span> <span class='ocrx_word' id='word_1_23' title='bbox 548 511 585 552; x_wconf 94' lang='lat' dir='ltr'>ne</span> <span class='ocrx_word' id='word_1_24' title='bbox 600 494 733 570; x_wconf 90' lang='lat' dir='ltr'>graviore</span> <span class='ocrx_word' id='word_1_25' title='bbox 748 510 842 571; x_wconf 90' lang='lat' dir='ltr'>poena</span> <span class='ocrx_word' id='word_1_26' title='bbox 857 492 1050 573; x_wconf 81' lang='lat' dir='ltr'>adficeretur,</span> <span class='ocrx_word' id='word_1_27' title='bbox 1065 493 1140 554; x_wconf 81' lang='lat' dir='ltr'>Vibii</span> 
     </span>
     <span class='ocr_line' id='line_1_5' title="bbox 93 576 999 662; baseline -0.004 -21"><span class='ocrx_word' id='word_1_28' title='bbox 93 603 118 641; x_wconf 79' lang='lat' dir='ltr'>ao</span> <span class='ocrx_word' id='word_1_29' title='bbox 131 583 229 662; x_wconf 85' lang='lat' dir='ltr'>Crispi</span> <span class='ocrx_word' id='word_1_30' title='bbox 243 576 344 645; x_wconf 83' lang='lat' dir='ltr'>fratris</span> <span class='ocrx_word' id='word_1_31' title='bbox 358 582 464 662; x_wconf 91' lang='lat' dir='ltr'>opibus</span> <span class='ocrx_word' id='word_1_32' title='bbox 478 583 588 642; x_wconf 90' lang='lat' dir='ltr'>enisus.</span> <span class='ocrx_word' id='word_1_33' title='bbox 995 612 999 619; x_wconf 92' lang='lat'>·</span> 
     </span>
    </p>

    <p class='ocr_par' dir='ltr' id='par_1_5' title="bbox 130 667 1141 1016">
     <span class='ocr_line' id='line_1_6' title="bbox 198 667 1139 748; baseline -0.003 -14"><span class='ocrx_word' id='word_1_34' title='bbox 198 670 249 734; x_wconf 83' lang='lat'>29.</span> <span class='ocrx_word' id='word_1_35' title='bbox 282 672 443 733; x_wconf 86' lang='lat' dir='ltr'>Caesennio</span> <span class='ocrx_word' id='word_1_36' title='bbox 457 670 546 730; x_wconf 91' lang='lat' dir='ltr'>Paeto</span> <span class='ocrx_word' id='word_1_37' title='bbox 566 677 596 729; x_wconf 91' lang='lat' dir='ltr'>et</span> <span class='ocrx_word' id='word_1_38' title='bbox 614 667 753 731; x_wconf 90' lang='lat' dir='ltr'>Petronio</span> <span class='ocrx_word' id='word_1_39' title='bbox 776 669 948 748; x_wconf 83' lang='lat' dir='ltr'>Turpiliano</span> <span class='ocrx_word' id='word_1_40' title='bbox 968 670 1139 732; x_wconf 90' lang='lat' dir='ltr'>consulibus</span> 
     </span>
     <span class='ocr_line' id='line_1_7' title="bbox 130 759 1140 841; baseline -0.003 -18"><span class='ocrx_word' id='word_1_41' title='bbox 130 763 229 841; x_wconf 87' lang='lat' dir='ltr'>gravis</span> <span class='ocrx_word' id='word_1_42' title='bbox 247 761 344 821; x_wconf 86' lang='lat' dir='ltr'>clades</span> <span class='ocrx_word' id='word_1_43' title='bbox 362 763 394 821; x_wconf 95' lang='lat' dir='ltr'>in</span> <span class='ocrx_word' id='word_1_44' title='bbox 411 759 563 820; x_wconf 81' lang='lat' dir='ltr'>Britannia</span> <span class='ocrx_word' id='word_1_45' title='bbox 586 765 719 839; x_wconf 88' lang='lat' dir='ltr'>accepta,</span> <span class='ocrx_word' id='word_1_46' title='bbox 741 760 773 818; x_wconf 90' lang='lat' dir='ltr'>in</span> <span class='ocrx_word' id='word_1_47' title='bbox 793 776 850 838; x_wconf 89' lang='lat' dir='ltr'>qua</span> <span class='ocrx_word' id='word_1_48' title='bbox 868 776 966 838; x_wconf 91' lang='lat' dir='ltr'>neque</span> <span class='ocrx_word' id='word_1_49' title='bbox 985 760 1018 819; x_wconf 85' lang='grc' dir='ltr'>Α.</span> <span class='ocrx_word' id='word_1_50' title='bbox 1038 759 1140 820; x_wconf 81' lang='lat' dir='ltr'>Didius</span> 
     </span>
     <span class='ocr_line' id='line_1_8' title="bbox 131 848 1141 930; baseline -0.002 -20"><span class='ocrx_word' id='word_1_51' title='bbox 131 850 258 930; x_wconf 86' lang='lat' dir='ltr'>legatus,</span> <span class='ocrx_word' id='word_1_52' title='bbox 283 856 317 910; x_wconf 90' lang='lat' dir='ltr'>ut</span> <span class='ocrx_word' id='word_1_53' title='bbox 341 849 514 928; x_wconf 86' lang='lat' dir='ltr'>memorari,</span> <span class='ocrx_word' id='word_1_54' title='bbox 539 848 598 907; x_wconf 92' lang='lat' dir='ltr'>nisi</span> <span class='ocrx_word' id='word_1_55' title='bbox 622 855 705 925; x_wconf 90' lang='lat' dir='ltr'>parta</span> <span class='ocrx_word' id='word_1_56' title='bbox 728 849 905 927; x_wconf 82' lang='lat' dir='ltr'>retinuerat,</span> <span class='ocrx_word' id='word_1_57' title='bbox 931 855 962 908; x_wconf 90' lang='lat' dir='ltr'>et</span> <span class='ocrx_word' id='word_1_58' title='bbox 985 865 1141 910; x_wconf 87' lang='lat' dir='ltr'>successor</span> 
     </span>
     <span class='ocr_line' id='line_1_9' title="bbox 131 934 1140 1016; baseline 0 -18"><span class='ocrx_word' id='word_1_59' title='bbox 131 938 274 998; x_wconf 86' lang='lat' dir='ltr'>Veranius</span> <span class='ocrx_word' id='word_1_60' title='bbox 297 937 421 998; x_wconf 92' lang='lat' dir='ltr'>modicis</span> <span class='ocrx_word' id='word_1_61' title='bbox 440 935 615 997; x_wconf 85' lang='lat' dir='ltr'>excursibus</span> <span class='ocrx_word' id='word_1_62' title='bbox 639 934 752 996; x_wconf 88' lang='lat' dir='ltr'>Siluras</span> <span class='ocrx_word' id='word_1_63' title='bbox 775 935 946 1016; x_wconf 87' lang='lat' dir='ltr'>populatus,</span> <span class='ocrx_word' id='word_1_64' title='bbox 972 938 1044 1016; x_wconf 92' lang='lat' dir='ltr'>quin</span> <span class='ocrx_word' id='word_1_65' title='bbox 1064 936 1140 998; x_wconf 91' lang='lat' dir='ltr'>ultra</span> 
     </span>
    </p>

    <p class='ocr_par' dir='ltr' id='par_1_6' title="bbox 103 1023 1143 1459">
     <span class='ocr_line' id='line_1_10' title="bbox 103 1023 1141 1105; baseline 0.001 -20"><span class='ocrx_word' id='word_1_66' title='bbox 103 1025 241 1087; x_wconf 79' lang='lat' dir='ltr'>sbellum</span> <span class='ocrx_word' id='word_1_67' title='bbox 259 1026 421 1105; x_wconf 79' lang='lat' dir='ltr'>proferret,</span> <span class='ocrx_word' id='word_1_68' title='bbox 444 1031 540 1086; x_wconf 86' lang='lat' dir='ltr'>morte</span> <span class='ocrx_word' id='word_1_69' title='bbox 558 1023 726 1103; x_wconf 86' lang='lat' dir='ltr'>prohibitus</span> <span class='ocrx_word' id='word_1_70' title='bbox 748 1032 807 1104; x_wconf 89' lang='lat' dir='ltr'>est,</span> <span class='ocrx_word' id='word_1_71' title='bbox 830 1042 947 1104; x_wconf 89' lang='lat' dir='ltr'>magna,</span> <span class='ocrx_word' id='word_1_72' title='bbox 971 1025 1043 1086; x_wconf 93' lang='lat' dir='ltr'>dum</span> <span class='ocrx_word' id='word_1_73' title='bbox 1064 1028 1141 1104; x_wconf 83' lang='lat' dir='ltr'>vixit,</span> 
     </span>
     <span class='ocr_line' id='line_1_11' title="bbox 132 1113 1142 1195; baseline 0 -20"><span class='ocrx_word' id='word_1_74' title='bbox 132 1115 297 1175; x_wconf 86' lang='lat' dir='ltr'>severitatis</span> <span class='ocrx_word' id='word_1_75' title='bbox 309 1113 394 1195; x_wconf 87' lang='lat' dir='ltr'>lama,</span> <span class='ocrx_word' id='word_1_76' title='bbox 408 1115 556 1192; x_wconf 88' lang='lat' dir='ltr'>supremis</span> <span class='ocrx_word' id='word_1_77' title='bbox 570 1115 740 1174; x_wconf 89' lang='lat' dir='ltr'>testamenti</span> <span class='ocrx_word' id='word_1_78' title='bbox 754 1113 851 1182; x_wconf 88' lang='lat' dir='ltr'>verbis</span> <span class='ocrx_word' id='word_1_79' title='bbox 866 1113 1036 1174; x_wconf 89' lang='lat' dir='ltr'>ambitionis</span> <span class='ocrx_word' id='word_1_80' title='bbox 1052 1117 1142 1176; x_wconf 89' lang='lat' dir='ltr'>mani·</span> 
     </span>
     <span class='ocr_line' id='line_1_12' title="bbox 133 1201 1142 1282; baseline 0.001 -19"><span class='ocrx_word' id='word_1_81' title='bbox 133 1203 238 1263; x_wconf 79' lang='lat' dir='ltr'>festus:</span> <span class='ocrx_word' id='word_1_82' title='bbox 266 1203 375 1282; x_wconf 91' lang='lat' dir='ltr'>quippe</span> <span class='ocrx_word' id='word_1_83' title='bbox 400 1203 491 1263; x_wconf 91' lang='lat' dir='ltr'>multa</span> <span class='ocrx_word' id='word_1_84' title='bbox 515 1204 547 1262; x_wconf 92' lang='lat' dir='ltr'>in</span> <span class='ocrx_word' id='word_1_85' title='bbox 570 1202 717 1262; x_wconf 91' lang='lat' dir='ltr'>Neronem</span> <span class='ocrx_word' id='word_1_86' title='bbox 743 1201 909 1264; x_wconf 92' lang='lat' dir='ltr'>adulatione</span> <span class='ocrx_word' id='word_1_87' title='bbox 935 1201 1048 1262; x_wconf 88' lang='lat' dir='ltr'>addidit</span> <span class='ocrx_word' id='word_1_88' title='bbox 1075 1203 1142 1264; x_wconf 81' lang='lat' dir='ltr'>sub</span> 
     </span>
     <span class='ocr_line' id='line_1_13' title="bbox 132 1290 1142 1371; baseline 0.001 -19"><span class='ocrx_word' id='word_1_89' title='bbox 132 1295 280 1352; x_wconf 88' lang='lat' dir='ltr'>lecturum</span> <span class='ocrx_word' id='word_1_90' title='bbox 299 1293 327 1351; x_wconf 91' lang='lat' dir='ltr'>ei</span> <span class='ocrx_word' id='word_1_91' title='bbox 345 1293 527 1370; x_wconf 91' lang='lat' dir='ltr'>provinciam</span> <span class='ocrx_word' id='word_1_92' title='bbox 546 1291 650 1371; x_wconf 89' lang='lat' dir='ltr'>luisse,</span> <span class='ocrx_word' id='word_1_93' title='bbox 674 1292 701 1351; x_wconf 94' lang='lat' dir='ltr'>si</span> <span class='ocrx_word' id='word_1_94' title='bbox 718 1290 838 1352; x_wconf 93' lang='lat' dir='ltr'>biennio</span> <span class='ocrx_word' id='word_1_95' title='bbox 857 1293 992 1370; x_wconf 84' lang='lat' dir='ltr'>proximo</span> <span class='ocrx_word' id='word_1_96' title='bbox 1012 1293 1142 1353; x_wconf 85' lang='lat' dir='ltr'>vixisset.</span> 
     </span>
     <span class='ocr_line' id='line_1_14' title="bbox 132 1378 1143 1459; baseline 0 -17"><span class='ocrx_word' id='word_1_97' title='bbox 132 1380 184 1442; x_wconf 93' lang='lat' dir='ltr'>sed</span> <span class='ocrx_word' id='word_1_98' title='bbox 207 1388 271 1441; x_wconf 88' lang='lat' dir='ltr'>tum</span> <span class='ocrx_word' id='word_1_99' title='bbox 295 1380 434 1442; x_wconf 89' lang='lat' dir='ltr'>Paulinus</span> <span class='ocrx_word' id='word_1_100' title='bbox 458 1380 619 1441; x_wconf 90' lang='lat' dir='ltr'>Suetonius</span> <span class='ocrx_word' id='word_1_101' title='bbox 646 1378 798 1441; x_wconf 90' lang='lat' dir='ltr'>obtinebat</span> <span class='ocrx_word' id='word_1_102' title='bbox 820 1379 990 1459; x_wconf 82' lang='lat' dir='ltr'>Britannos,</span> <span class='ocrx_word' id='word_1_103' title='bbox 1018 1383 1143 1442; x_wconf 92' lang='lat' dir='ltr'>scientia</span> 
     </span>
    </p>

    <p class='ocr_par' dir='ltr' id='par_1_7' title="bbox 93 1468 1143 1815">
     <span class='ocr_line' id='line_1_15' title="bbox 93 1468 1143 1553; baseline 0.003 -26"><span class='ocrx_word' id='word_1_104' title='bbox 93 1490 118 1528; x_wconf 88' lang='grc' dir='ltr'>ιο</span> <span class='ocrx_word' id='word_1_105' title='bbox 132 1469 253 1553; x_wconf 88' lang='lat' dir='ltr'>militiae</span> <span class='ocrx_word' id='word_1_106' title='bbox 276 1476 306 1530; x_wconf 85' lang='lat' dir='ltr'>et</span> <span class='ocrx_word' id='word_1_107' title='bbox 328 1487 447 1530; x_wconf 91' lang='lat' dir='ltr'>rumore</span> <span class='ocrx_word' id='word_1_108' title='bbox 471 1468 585 1550; x_wconf 93' lang='lat' dir='ltr'>populi,</span> <span class='ocrx_word' id='word_1_109' title='bbox 608 1470 660 1547; x_wconf 93' lang='lat' dir='ltr'>qui</span> <span class='ocrx_word' id='word_1_110' title='bbox 678 1470 826 1529; x_wconf 90' lang='lat' dir='ltr'>neminem</span> <span class='ocrx_word' id='word_1_111' title='bbox 839 1471 909 1529; x_wconf 70' lang='lat' dir='ltr'>&#39;sine</span> <span class='ocrx_word' id='word_1_112' title='bbox 927 1468 1043 1529; x_wconf 91' lang='lat' dir='ltr'>aemulo</span> <span class='ocrx_word' id='word_1_113' title='bbox 1063 1472 1143 1551; x_wconf 89' lang='lat' dir='ltr'>sinit,</span> 
     </span>
     <span class='ocr_line' id='line_1_16' title="bbox 132 1557 1143 1638; baseline -0.001 -18"><span class='ocrx_word' id='word_1_114' title='bbox 132 1558 308 1620; x_wconf 81' lang='lat' dir='ltr'>Corbulonis</span> <span class='ocrx_word' id='word_1_115' title='bbox 322 1565 517 1638; x_wconf 86' lang='lat' dir='ltr'>concertator,</span> <span class='ocrx_word' id='word_1_116' title='bbox 531 1563 726 1637; x_wconf 86' lang='lat' dir='ltr'>receptaeque</span> <span class='ocrx_word' id='word_1_117' title='bbox 737 1558 892 1618; x_wconf 81' lang='lat' dir='ltr'>Armeniae</span> <span class='ocrx_word' id='word_1_118' title='bbox 908 1557 999 1618; x_wconf 93' lang='lat' dir='ltr'>decus</span> <span class='ocrx_word' id='word_1_119' title='bbox 1014 1575 1143 1638; x_wconf 89' lang='lat' dir='ltr'>aequare</span> 
     </span>
     <span class='ocr_line' id='line_1_17' title="bbox 132 1645 1143 1727; baseline 0.001 -20"><span class='ocrx_word' id='word_1_120' title='bbox 132 1648 251 1708; x_wconf 91' lang='lat' dir='ltr'>domitis</span> <span class='ocrx_word' id='word_1_121' title='bbox 265 1647 467 1725; x_wconf 90' lang='lat' dir='ltr'>perduellibus</span> <span class='ocrx_word' id='word_1_122' title='bbox 482 1647 613 1725; x_wconf 89' lang='lat' dir='ltr'>cupiens.</span> <span class='ocrx_word' id='word_1_123' title='bbox 641 1648 733 1724; x_wconf 90' lang='lat' dir='ltr'>igitur</span> <span class='ocrx_word' id='word_1_124' title='bbox 747 1645 863 1707; x_wconf 89' lang='lat' dir='ltr'>lllonam</span> <span class='ocrx_word' id='word_1_125' title='bbox 877 1645 1016 1727; x_wconf 89' lang='lat' dir='ltr'>insulam,</span> <span class='ocrx_word' id='word_1_126' title='bbox 1036 1647 1143 1708; x_wconf 93' lang='lat' dir='ltr'>incolis</span> 
     </span>
     <span class='ocr_line' id='line_1_18' title="bbox 133 1734 1143 1815; baseline 0 -19"><span class='ocrx_word' id='word_1_127' title='bbox 133 1736 256 1796; x_wconf 90' lang='lat' dir='ltr'>validam</span> <span class='ocrx_word' id='word_1_128' title='bbox 275 1743 305 1795; x_wconf 90' lang='lat' dir='ltr'>et</span> <span class='ocrx_word' id='word_1_129' title='bbox 321 1735 543 1814; x_wconf 90' lang='lat' dir='ltr'>receptaculum</span> <span class='ocrx_word' id='word_1_130' title='bbox 560 1734 765 1815; x_wconf 83' lang='lat' dir='ltr'>perfugarum,</span> <span class='ocrx_word' id='word_1_131' title='bbox 786 1734 907 1814; x_wconf 82' lang='lat' dir='ltr'>adgredi</span> <span class='ocrx_word' id='word_1_132' title='bbox 925 1741 1022 1815; x_wconf 89' lang='lat' dir='ltr'>paral,</span> <span class='ocrx_word' id='word_1_133' title='bbox 1040 1754 1143 1796; x_wconf 86' lang='lat' dir='ltr'>nares·</span> 
     </span>
    </p>

    <p class='ocr_par' dir='ltr' id='par_1_8' title="bbox 28 1822 1143 1904">
     <span class='ocr_line' id='line_1_19' title="bbox 28 1822 1143 1904; baseline 0 -19"><span class='ocrx_word' id='word_1_134' title='bbox 28 1860 31 1864; x_wconf 38' lang='lat'><strong>⁴</strong></span> <span class='ocrx_word' id='word_1_135' title='bbox 133 1844 190 1904; x_wconf 92' lang='lat' dir='ltr'>que</span> <span class='ocrx_word' id='word_1_136' title='bbox 209 1824 370 1884; x_wconf 82' lang='lat' dir='ltr'>fabricatur</span> <span class='ocrx_word' id='word_1_137' title='bbox 388 1823 475 1903; x_wconf 90' lang='lat' dir='ltr'>plano</span> <span class='ocrx_word' id='word_1_138' title='bbox 495 1822 576 1883; x_wconf 83' lang='lat' dir='ltr'>alveo</span> <span class='ocrx_word' id='word_1_139' title='bbox 595 1823 736 1884; x_wconf 87' lang='lat' dir='ltr'>adversus</span> <span class='ocrx_word' id='word_1_140' title='bbox 754 1823 843 1885; x_wconf 87' lang='lat' dir='ltr'>breve</span> <span class='ocrx_word' id='word_1_141' title='bbox 862 1831 892 1884; x_wconf 89' lang='lat' dir='ltr'>et</span> <span class='ocrx_word' id='word_1_142' title='bbox 910 1825 1067 1884; x_wconf 91' lang='lat' dir='ltr'>incertum.</span> <span class='ocrx_word' id='word_1_143' title='bbox 1100 1827 1143 1886; x_wconf 91' lang='lat' dir='ltr'>sic</span> 
     </span>
    </p>

    <p class='ocr_par' dir='ltr' id='par_1_9' title="bbox 93 1911 1143 2082">
     <span class='ocr_line' id='line_1_20' title="bbox 93 1911 1143 1994; baseline 0.003 -24"><span class='ocrx_word' id='word_1_144' title='bbox 93 1931 118 1970; x_wconf 85' lang='lat'>15</span> <span class='ocrx_word' id='word_1_145' title='bbox 132 1913 235 1994; x_wconf 80' lang='lat' dir='ltr'>pedes3</span> <span class='ocrx_word' id='word_1_146' title='bbox 255 1915 370 1992; x_wconf 85' lang='lat' dir='ltr'>equites</span> <span class='ocrx_word' id='word_1_147' title='bbox 388 1913 461 1974; x_wconf 87' lang='lat' dir='ltr'>vada</span> <span class='ocrx_word' id='word_1_148' title='bbox 480 1914 576 1973; x_wconf 90' lang='lat' dir='ltr'>secuti</span> <span class='ocrx_word' id='word_1_149' title='bbox 594 1918 645 1972; x_wconf 88' lang='lat' dir='ltr'>aut</span> <span class='ocrx_word' id='word_1_150' title='bbox 664 1911 783 1973; x_wconf 84' lang='lat' dir='ltr'>altiores</span> <span class='ocrx_word' id='word_1_151' title='bbox 797 1914 876 1993; x_wconf 77' lang='lat' dir='ltr'>inter</span> <span class='ocrx_word' id='word_1_152' title='bbox 890 1911 984 1972; x_wconf 92' lang='lat' dir='ltr'>undas</span> <span class='ocrx_word' id='word_1_153' title='bbox 999 1912 1143 1973; x_wconf 89' lang='lat' dir='ltr'>adnantes</span> 
     </span>
     <span class='ocr_line' id='line_1_21' title="bbox 133 2004 395 2082; baseline 0 -21"><span class='ocrx_word' id='word_1_154' title='bbox 133 2004 217 2082; x_wconf 92' lang='lat' dir='ltr'>equis</span> <span class='ocrx_word' id='word_1_155' title='bbox 233 2004 395 2062; x_wconf 90' lang='lat' dir='ltr'>tramisere.</span> 
     </span>
    </p>

    <p class='ocr_par' dir='ltr' id='par_1_10' title="bbox 132 2087 1142 2437">
     <span class='ocr_line' id='line_1_22' title="bbox 199 2087 1142 2168; baseline 0.001 -19"><span class='ocrx_word' id='word_1_156' title='bbox 199 2087 249 2150; x_wconf 83' lang='lat'>30.</span> <span class='ocrx_word' id='word_1_157' title='bbox 274 2088 375 2149; x_wconf 84' lang='lat' dir='ltr'>Stabat</span> <span class='ocrx_word' id='word_1_158' title='bbox 398 2106 453 2167; x_wconf 94' lang='lat' dir='ltr'>pro</span> <span class='ocrx_word' id='word_1_159' title='bbox 476 2088 562 2150; x_wconf 89' lang='lat' dir='ltr'>litore</span> <span class='ocrx_word' id='word_1_160' title='bbox 586 2089 701 2148; x_wconf 89' lang='lat' dir='ltr'>diversa</span> <span class='ocrx_word' id='word_1_161' title='bbox 725 2090 817 2168; x_wconf 90' lang='lat' dir='ltr'>acies,</span> <span class='ocrx_word' id='word_1_162' title='bbox 840 2089 931 2149; x_wconf 87' lang='lat' dir='ltr'>densa</span> <span class='ocrx_word' id='word_1_163' title='bbox 949 2091 1039 2149; x_wconf 90' lang='lat' dir='ltr'>armis</span> <span class='ocrx_word' id='word_1_164' title='bbox 1059 2092 1142 2150; x_wconf 86' lang='lat' dir='ltr'>viris·</span> 
     </span>
     <span class='ocr_line' id='line_1_23' title="bbox 133 2176 1141 2257; baseline 0.001 -20"><span class='ocrx_word' id='word_1_165' title='bbox 133 2195 204 2256; x_wconf 91' lang='lat' dir='ltr'>que,</span> <span class='ocrx_word' id='word_1_166' title='bbox 231 2176 500 2237; x_wconf 90' lang='lat' dir='ltr'>intercursantibus</span> <span class='ocrx_word' id='word_1_167' title='bbox 523 2176 653 2257; x_wconf 88' lang='lat' dir='ltr'>leminis;</span> <span class='ocrx_word' id='word_1_168' title='bbox 682 2179 712 2236; x_wconf 92' lang='lat' dir='ltr'>in</span> <span class='ocrx_word' id='word_1_169' title='bbox 735 2176 856 2237; x_wconf 94' lang='lat' dir='ltr'>modum</span> <span class='ocrx_word' id='word_1_170' title='bbox 879 2176 1037 2238; x_wconf 85' lang='lat' dir='ltr'>Furiarum</span> <span class='ocrx_word' id='word_1_171' title='bbox 1060 2186 1141 2238; x_wconf 84' lang='lat' dir='ltr'>reste</span> 
     </span>
     <span class='ocr_line' id='line_1_24' title="bbox 132 2263 1142 2346; baseline 0.002 -21"><span class='ocrx_word' id='word_1_172' title='bbox 132 2265 229 2344; x_wconf 81' lang='lat' dir='ltr'>ferali,</span> <span class='ocrx_word' id='word_1_173' title='bbox 247 2263 381 2325; x_wconf 88' lang='lat' dir='ltr'>crinibus</span> <span class='ocrx_word' id='word_1_174' title='bbox 400 2264 522 2325; x_wconf 88' lang='lat' dir='ltr'>deiectis</span> <span class='ocrx_word' id='word_1_175' title='bbox 542 2264 620 2325; x_wconf 86' lang='lat' dir='ltr'>laces</span> <span class='ocrx_word' id='word_1_176' title='bbox 639 2264 858 2346; x_wconf 78' lang='lat' dir='ltr'>praeferebant3</span> <span class='ocrx_word' id='word_1_177' title='bbox 879 2264 1073 2345; x_wconf 81' lang='lat' dir='ltr'>Druidaeque·</span> <span class='ocrx_word' id='word_1_178' title='bbox 1086 2269 1142 2327; x_wconf 92' lang='lat' dir='ltr'>cir·</span> 
     </span>
     <span class='ocr_line' id='line_1_25' title="bbox 132 2352 1141 2437; baseline 0.001 -22"><span class='ocrx_word' id='word_1_179' title='bbox 132 2371 214 2434; x_wconf 92' lang='lat' dir='ltr'>cum,</span> <span class='ocrx_word' id='word_1_180' title='bbox 241 2371 346 2432; x_wconf 92' lang='lat' dir='ltr'>preces</span> <span class='ocrx_word' id='word_1_181' title='bbox 369 2353 448 2414; x_wconf 91' lang='lat' dir='ltr'>diras</span> <span class='ocrx_word' id='word_1_182' title='bbox 472 2352 595 2415; x_wconf 92' lang='lat' dir='ltr'>sublatis</span> <span class='ocrx_word' id='word_1_183' title='bbox 618 2353 654 2414; x_wconf 92' lang='lat' dir='ltr'>ad</span> <span class='ocrx_word' id='word_1_184' title='bbox 678 2352 791 2415; x_wconf 90' lang='lat' dir='ltr'>caelum</span> <span class='ocrx_word' id='word_1_185' title='bbox 816 2352 952 2416; x_wconf 91' lang='lat' dir='ltr'>manibus</span> <span class='ocrx_word' id='word_1_186' title='bbox 975 2355 1141 2437; x_wconf 91' lang='lat' dir='ltr'>lundentes,</span> 
     </span>
    </p>

    <p class='ocr_par' dir='ltr' id='par_1_11' title="bbox 93 2441 1143 3052">
     <span class='ocr_line' id='line_1_26' title="bbox 105 2441 1142 2524; baseline 0.004 -24"><span class='ocrx_word' id='word_1_187' title='bbox 105 2445 261 2504; x_wconf 80' lang='lat' dir='ltr'>snovitate</span> <span class='ocrx_word' id='word_1_188' title='bbox 285 2450 423 2521; x_wconf 88' lang='lat' dir='ltr'>aspectus</span> <span class='ocrx_word' id='word_1_189' title='bbox 445 2441 599 2523; x_wconf 86' lang='lat' dir='ltr'>perculere</span> <span class='ocrx_word' id='word_1_190' title='bbox 621 2442 758 2524; x_wconf 86' lang='lat' dir='ltr'>militem,</span> <span class='ocrx_word' id='word_1_191' title='bbox 786 2450 820 2503; x_wconf 93' lang='lat' dir='ltr'>ut</span> <span class='ocrx_word' id='word_1_192' title='bbox 843 2445 928 2522; x_wconf 91' lang='lat' dir='ltr'>quasi</span> <span class='ocrx_word' id='word_1_193' title='bbox 951 2443 1142 2505; x_wconf 91' lang='lat' dir='ltr'>haerentibus</span> 
     </span>
     <span class='ocr_line' id='line_1_27' title="bbox 133 2530 1142 2612; baseline -0.001 -19"><span class='ocrx_word' id='word_1_194' title='bbox 133 2532 274 2593; x_wconf 91' lang='lat' dir='ltr'>membris</span> <span class='ocrx_word' id='word_1_195' title='bbox 296 2531 437 2594; x_wconf 90' lang='lat' dir='ltr'>inmobile</span> <span class='ocrx_word' id='word_1_196' title='bbox 461 2550 570 2612; x_wconf 91' lang='lat' dir='ltr'>corpus</span> <span class='ocrx_word' id='word_1_197' title='bbox 591 2530 763 2593; x_wconf 89' lang='lat' dir='ltr'>vulneribus</span> <span class='ocrx_word' id='word_1_198' title='bbox 782 2531 969 2611; x_wconf 89' lang='lat' dir='ltr'>praeberent.</span> <span class='ocrx_word' id='word_1_199' title='bbox 1004 2533 1073 2595; x_wconf 89' lang='lat' dir='ltr'>dein</span> <span class='ocrx_word' id='word_1_200' title='bbox 1094 2551 1142 2594; x_wconf 91' lang='lat' dir='ltr'>co·</span> 
     </span>
     <span class='ocr_line' id='line_1_28' title="bbox 132 2620 1143 2701; baseline 0 -19"><span class='ocrx_word' id='word_1_201' title='bbox 132 2622 349 2683; x_wconf 87' lang='lat' dir='ltr'>hortationibus</span> <span class='ocrx_word' id='word_1_202' title='bbox 373 2622 457 2683; x_wconf 91' lang='lat' dir='ltr'>ducis</span> <span class='ocrx_word' id='word_1_203' title='bbox 481 2629 511 2682; x_wconf 93' lang='lat' dir='ltr'>et</span> <span class='ocrx_word' id='word_1_204' title='bbox 534 2639 565 2682; x_wconf 93' lang='lat' dir='ltr'>se</span> <span class='ocrx_word' id='word_1_205' title='bbox 588 2623 647 2700; x_wconf 94' lang='lat' dir='ltr'>ipsi</span> <span class='ocrx_word' id='word_1_206' title='bbox 670 2620 868 2701; x_wconf 89' lang='lat' dir='ltr'>stimulantes,</span> <span class='ocrx_word' id='word_1_207' title='bbox 892 2638 929 2681; x_wconf 89' lang='lat' dir='ltr'>ne</span> <span class='ocrx_word' id='word_1_208' title='bbox 947 2620 1093 2682; x_wconf 90' lang='lat' dir='ltr'>muliebre</span> <span class='ocrx_word' id='word_1_209' title='bbox 1113 2629 1143 2682; x_wconf 87' lang='lat' dir='ltr'>et</span> 
     </span>
     <span class='ocr_line' id='line_1_29' title="bbox 133 2709 1142 2790; baseline 0.004 -22"><span class='ocrx_word' id='word_1_210' title='bbox 133 2709 293 2772; x_wconf 80' lang='lat' dir='ltr'>fanaticum</span> <span class='ocrx_word' id='word_1_211' title='bbox 316 2728 420 2789; x_wconf 83' lang='lat' dir='ltr'>agmen</span> <span class='ocrx_word' id='word_1_212' title='bbox 444 2718 648 2789; x_wconf 86' lang='lat' dir='ltr'>pavescerent,</span> <span class='ocrx_word' id='word_1_213' title='bbox 676 2710 809 2770; x_wconf 84' lang='lat' dir='ltr'>inierunt</span> <span class='ocrx_word' id='word_1_214' title='bbox 835 2711 917 2788; x_wconf 88' lang='lat' dir='ltr'>sigua</span> <span class='ocrx_word' id='word_1_215' title='bbox 945 2717 1142 2790; x_wconf 89' lang='lat' dir='ltr'>sternuntque</span> 
     </span>
     <span class='ocr_line' id='line_1_30' title="bbox 133 2796 1143 2877; baseline 0.004 -21"><span class='ocrx_word' id='word_1_216' title='bbox 133 2796 236 2857; x_wconf 92' lang='lat' dir='ltr'>obvios</span> <span class='ocrx_word' id='word_1_217' title='bbox 254 2806 284 2858; x_wconf 94' lang='lat' dir='ltr'>et</span> <span class='ocrx_word' id='word_1_218' title='bbox 302 2800 364 2877; x_wconf 86' lang='lat' dir='ltr'>igni</span> <span class='ocrx_word' id='word_1_219' title='bbox 383 2817 437 2860; x_wconf 92' lang='lat' dir='ltr'>suo</span> <span class='ocrx_word' id='word_1_220' title='bbox 457 2797 617 2859; x_wconf 88' lang='lat' dir='ltr'>involvunt.</span> <span class='ocrx_word' id='word_1_221' title='bbox 644 2797 825 2876; x_wconf 90' lang='lat' dir='ltr'>praesidium</span> <span class='ocrx_word' id='word_1_222' title='bbox 843 2798 966 2877; x_wconf 92' lang='lat' dir='ltr'>posthac</span> <span class='ocrx_word' id='word_1_223' title='bbox 979 2800 1143 2877; x_wconf 93' lang='lat' dir='ltr'>inpositum</span> 
     </span>
     <span class='ocr_line' id='line_1_31' title="bbox 93 2885 1143 2964; baseline 0.005 -22"><span class='ocrx_word' id='word_1_224' title='bbox 93 2903 119 2942; x_wconf 81' lang='lat' dir='ltr'>ao</span> <span class='ocrx_word' id='word_1_225' title='bbox 133 2886 217 2945; x_wconf 91' lang='lat' dir='ltr'>victis</span> <span class='ocrx_word' id='word_1_226' title='bbox 228 2887 378 2963; x_wconf 80' lang='lat' dir='ltr'>excisique</span> <span class='ocrx_word' id='word_1_227' title='bbox 393 2887 453 2948; x_wconf 91' lang='lat' dir='ltr'>luci</span> <span class='ocrx_word' id='word_1_228' title='bbox 462 2889 558 2948; x_wconf 88' lang='lat' dir='ltr'>saevis</span> <span class='ocrx_word' id='word_1_229' title='bbox 572 2885 834 2964; x_wconf 88' lang='lat' dir='ltr'>superstitionibus</span> <span class='ocrx_word' id='word_1_230' title='bbox 848 2889 939 2947; x_wconf 87' lang='lat' dir='ltr'>sacri:</span> <span class='ocrx_word' id='word_1_231' title='bbox 954 2904 1020 2946; x_wconf 91' lang='lat' dir='ltr'>nam</span> <span class='ocrx_word' id='word_1_232' title='bbox 1035 2905 1143 2948; x_wconf 92' lang='lat' dir='ltr'>cruore</span> 
     </span>
     <span class='ocr_line' id='line_1_32' title="bbox 132 2973 1143 3052; baseline 0.001 -17"><span class='ocrx_word' id='word_1_233' title='bbox 132 2975 247 3052; x_wconf 84' lang='lat' dir='ltr'>captivo</span> <span class='ocrx_word' id='word_1_234' title='bbox 271 2973 387 3035; x_wconf 91' lang='lat' dir='ltr'>adolere</span> <span class='ocrx_word' id='word_1_235' title='bbox 412 2992 477 3036; x_wconf 86' lang='lat' dir='ltr'>aras</span> <span class='ocrx_word' id='word_1_236' title='bbox 500 2982 531 3035; x_wconf 86' lang='lat' dir='ltr'>et</span> <span class='ocrx_word' id='word_1_237' title='bbox 553 2973 705 3034; x_wconf 90' lang='lat' dir='ltr'>hominum</span> <span class='ocrx_word' id='word_1_238' title='bbox 728 2973 812 3035; x_wconf 87' lang='lat' dir='ltr'>libris</span> <span class='ocrx_word' id='word_1_239' title='bbox 834 2974 990 3037; x_wconf 88' lang='lat' dir='ltr'>consulere</span> <span class='ocrx_word' id='word_1_240' title='bbox 1009 2974 1081 3036; x_wconf 92' lang='lat' dir='ltr'>deos</span> <span class='ocrx_word' id='word_1_241' title='bbox 1100 2977 1143 3037; x_wconf 89' lang='lat' dir='ltr'>las</span> 
     </span>
    </p>
   </div>
   <div class='ocr_carea' id='block_1_3' title="bbox 133 3222 1146 3588">
    <p class='ocr_par' dir='ltr' id='par_1_12' title="bbox 133 3222 1146 3588">
     <span class='ocr_line' id='line_1_33' title="bbox 205 3222 1142 3306; baseline -0.001 -15"><span class='ocrx_word' id='word_1_242' title='bbox 205 3235 249 3301; x_wconf 77' lang='lat'>28,</span> <span class='ocrx_word' id='word_1_243' title='bbox 270 3241 303 3290; x_wconf 88' lang='lat'>10</span> <span class='ocrx_word' id='word_1_244' title='bbox 326 3222 478 3288; x_wconf 75' lang='lat' dir='ltr'>frisorib&#39;us</span> <span class='ocrx_word' id='word_1_245' title='bbox 503 3235 508 3301; x_wconf 81' lang='lat' dir='ltr'>l</span> <span class='ocrx_word' id='word_1_246' title='bbox 533 3231 578 3299; x_wconf 75' lang='lat'>29,</span> <span class='ocrx_word' id='word_1_247' title='bbox 600 3238 613 3286; x_wconf 89' lang='lat'>1</span> <span class='ocrx_word' id='word_1_248' title='bbox 634 3230 788 3287; x_wconf 81' lang='lat' dir='ltr'>Caesennio</span> <span class='ocrx_word' id='word_1_249' title='bbox 807 3234 977 3305; x_wconf 65' lang='lat' dir='ltr'>Nipperdey:</span> <span class='ocrx_word' id='word_1_250' title='bbox 1005 3233 1118 3290; x_wconf 85' lang='lat' dir='ltr'>cesonio</span> <span class='ocrx_word' id='word_1_251' title='bbox 1138 3233 1142 3306; x_wconf 78' lang='lat' dir='ltr'>l</span> 
     </span>
     <span class='ocr_line' id='line_1_34' title="bbox 134 3301 1144 3374; baseline -0.002 -13"><span class='ocrx_word' id='word_1_252' title='bbox 134 3315 149 3361; x_wconf 79' lang='lat'><strong>2</strong></span> <span class='ocrx_word' id='word_1_253' title='bbox 168 3305 201 3360; x_wconf 80' lang='lat' dir='ltr'>A.</span> <span class='ocrx_word' id='word_1_254' title='bbox 220 3304 321 3360; x_wconf 88' lang='lat' dir='ltr'>Didius</span> <span class='ocrx_word' id='word_1_255' title='bbox 340 3304 466 3374; x_wconf 67' lang='lat' dir='ltr'>Idpsium</span> <span class='ocrx_word' id='word_1_256' title='bbox 490 3301 605 3358; x_wconf 83' lang='lat' dir='ltr'>hauitus</span> <span class='ocrx_word' id='word_1_257' title='bbox 628 3306 633 3373; x_wconf 79' lang='grc' dir='ltr'>Ι</span> <span class='ocrx_word' id='word_1_258' title='bbox 657 3309 675 3358; x_wconf 83' lang='lat'>4</span> <span class='ocrx_word' id='word_1_259' title='bbox 693 3303 724 3370; x_wconf 79' lang='lat' dir='ltr'>Q.</span> <span class='ocrx_word' id='word_1_260' title='bbox 743 3303 883 3360; x_wconf 80' lang='lat' dir='ltr'>Veranius</span> <span class='ocrx_word' id='word_1_261' title='bbox 900 3303 991 3360; x_wconf 68' lang='lat' dir='ltr'>nette</span> <span class='ocrx_word' id='word_1_262' title='bbox 1010 3307 1015 3374; x_wconf 89' lang='grc' dir='ltr'>Ι</span> <span class='ocrx_word' id='word_1_263' title='bbox 1036 3303 1144 3360; x_wconf 78' lang='lat' dir='ltr'>Silures</span> 
     </span>
     <span class='ocr_line' id='line_1_35' title="bbox 133 3373 1142 3448; baseline -0.002 -16"><span class='ocrx_word' id='word_1_264' title='bbox 133 3378 260 3447; x_wconf 82' lang='lat' dir='ltr'>Lipsius:</span> <span class='ocrx_word' id='word_1_265' title='bbox 287 3375 373 3430; x_wconf 85' lang='lat' dir='ltr'>siluas</span> <span class='ocrx_word' id='word_1_266' title='bbox 389 3378 426 3443; x_wconf 80' lang='lat' dir='ltr'>l⁸</span> <span class='ocrx_word' id='word_1_267' title='bbox 448 3373 621 3448; x_wconf 83' lang='lat' dir='ltr'>prouincias,</span> <span class='ocrx_word' id='word_1_268' title='bbox 645 3390 692 3430; x_wconf 85' lang='lat' dir='ltr'>em.</span> <span class='ocrx_word' id='word_1_269' title='bbox 711 3376 782 3430; x_wconf 79' lang='lat' dir='ltr'>idem</span> <span class='ocrx_word' id='word_1_270' title='bbox 798 3380 802 3441; x_wconf 83' lang='grc' dir='ltr'>ι</span> <span class='ocrx_word' id='word_1_271' title='bbox 819 3381 852 3429; x_wconf 71' lang='lat'>12</span> <span class='ocrx_word' id='word_1_272' title='bbox 877 3374 940 3441; x_wconf 75' lang='lat' dir='ltr'>fort.</span> <span class='ocrx_word' id='word_1_273' title='bbox 964 3374 1118 3430; x_wconf 86' lang='lat' dir='ltr'>rebellibus</span> <span class='ocrx_word' id='word_1_274' title='bbox 1138 3377 1142 3447; x_wconf 76' lang='lat' dir='ltr'>l</span> 
     </span>
     <span class='ocr_line' id='line_1_36' title="bbox 136 3444 1146 3517; baseline 0 -16"><span class='ocrx_word' id='word_1_275' title='bbox 136 3453 169 3501; x_wconf 85' lang='lat'>14</span> <span class='ocrx_word' id='word_1_276' title='bbox 186 3446 324 3502; x_wconf 82' lang='lat' dir='ltr'>incertum</span> <span class='ocrx_word' id='word_1_277' title='bbox 342 3461 419 3500; x_wconf 86' lang='lat' dir='ltr'>mars</span> <span class='ocrx_word' id='word_1_278' title='bbox 437 3446 567 3517; x_wconf 78' lang='lat' dir='ltr'>Madvig,</span> <span class='ocrx_word' id='word_1_279' title='bbox 595 3447 648 3501; x_wconf 90' lang='lat' dir='ltr'>inc.</span> <span class='ocrx_word' id='word_1_280' title='bbox 672 3445 776 3500; x_wconf 85' lang='lat' dir='ltr'>fretum</span> <span class='ocrx_word' id='word_1_281' title='bbox 795 3444 845 3502; x_wconf 77' lang='lat' dir='ltr'>Fr.</span> <span class='ocrx_word' id='word_1_282' title='bbox 866 3445 960 3515; x_wconf 76' lang='lat' dir='ltr'>Pauly</span> <span class='ocrx_word' id='word_1_283' title='bbox 984 3446 989 3513; x_wconf 80' lang='grc' dir='ltr'>Ι</span> <span class='ocrx_word' id='word_1_284' title='bbox 1016 3453 1049 3503; x_wconf 76' lang='lat' dir='ltr'>lb</span> <span class='ocrx_word' id='word_1_285' title='bbox 1071 3447 1146 3504; x_wconf 79' lang='lat' dir='ltr'>vada</span> 
     </span>
     <span class='ocr_line' id='line_1_37' title="bbox 133 3514 1093 3588; baseline -0.001 -15"><span class='ocrx_word' id='word_1_286' title='bbox 133 3519 177 3573; x_wconf 84' lang='lat' dir='ltr'>Jo.</span> <span class='ocrx_word' id='word_1_287' title='bbox 198 3518 248 3572; x_wconf 83' lang='lat' dir='ltr'>Fr.</span> <span class='ocrx_word' id='word_1_288' title='bbox 270 3517 436 3573; x_wconf 76' lang='lat' dir='ltr'>Gronovius:</span> <span class='ocrx_word' id='word_1_289' title='bbox 456 3516 544 3570; x_wconf 82' lang='lat' dir='ltr'>uedos</span> <span class='ocrx_word' id='word_1_290' title='bbox 564 3515 681 3588; x_wconf 80' lang='lat' dir='ltr'>(vadosa</span> <span class='ocrx_word' id='word_1_291' title='bbox 698 3516 868 3572; x_wconf 56' lang='lat' dir='ltr'>Niooerdtul</span> <span class='ocrx_word' id='word_1_292' title='bbox 885 3518 888 3571; x_wconf 92' lang='lat' dir='ltr'>l</span> <span class='ocrx_word' id='word_1_293' title='bbox 904 3514 949 3564; x_wconf 76' lang='lat'>3⁰-</span> <span class='ocrx_word' id='word_1_294' title='bbox 970 3522 985 3560; x_wconf 63' lang='lat' dir='ltr'>l</span> <span class='ocrx_word' id='word_1_295' title='bbox 1009 3515 1093 3572; x_wconf 60' lang='lat' dir='ltr'>*ecies</span> 
     </span>
    </p>
   </div>
   <div class='ocr_carea' id='block_1_4' title="bbox 0 0 1205 3876">
    <p class='ocr_par' dir='ltr' id='par_1_13' title="bbox 0 0 1205 3876">
     <span class='ocr_line' id='line_1_38' title="bbox 0 0 1205 3876; baseline 0 0"><span class='ocrx_word' id='word_1_296' title='bbox 0 0 1205 3876; x_wconf 95' lang='lat' dir='ltr'> </span> 
     </span>
    </p>
   </div>
  </div>
 </body>
</html>
