2392 3876
280 169 329 224 AB
347 161 507 226 moissi]
524 169 680 226 AUGUSTI
696 170 744 226 111.
764 177 877 230 rn-ao.
1016 173 1077 238 121

68 321 190 396 impune
212 319 415 401 traherentur,
437 321 590 400 propriam
612 337 733 382 mannaan
746 319 869 382 Blaesus
888 321 967 382 filius
986 322 1083 385 duxit..

69 408 166 468 medio
187 425 258 470 oram
273 408 405 488 debetis,
424 408 544 470 castella
562 417 593 470 et
610 410 791 470 munitiones
810 409 926 471 idoneis
944 410 1017 471 locis
1035 413 1078 472 in·

69 514 194 577 ponens,
222 497 282 558 dux
305 500 369 576 ipse
393 506 456 559 arta
480 506 510 559 et
531 497 646 558 intensa
669 496 808 558 hostibus
829 508 936 559 cuncta
960 499 1078 580 lecerat,

68 588 145 666 quia,
164 602 285 665 quoquo
302 585 492 667 inclinarent,
510 603 584 665 pars
598 585 695 665 aliqua
713 586 816 646 militis
830 585 955 647 Romani
968 590 1000 647 in
1018 606 1078 668 ore,

67 678 97 733 in
116 673 208 735 latere
228 682 259 735 et
271 692 360 754 saepe
374 693 390 735 a
404 682 489 754 tergo
508 683 584 756 erat3
605 675 751 758 multique
769 692 804 735 eo
823 675 912 735 modo
932 678 1010 736 caesi
1028 683 1079 736 aut
1093 690 1119 729 ιο

67 764 270 824 circumventi.
311 770 384 824 tuno
409 766 592 843 tripertitum
615 765 780 824 exercitum
802 761 897 842 pluris
920 765 951 824 in
973 781 1078 825 manus

67 852 212 930 dispergit
235 853 450 931 praeponitque
474 853 664 913 centuriones
692 853 810 912 virtutis
834 859 982 930 expertae.
1014 869 1079 932 neo,
1159 879 1161 883 ’

67 948 102 1000 ut
115 957 180 998 mos
194 940 300 1020 luerat,
314 947 378 1000 aeta
393 946 503 1000 aestate
518 940 643 1001 retrahit
657 941 758 1019 copias
767 946 819 1000 aut
831 942 863 1000 in
878 939 1078 1001 hibernaculis

69 1029 177 1087 veteris
191 1029 359 1105 provinciae
374 1030 536 1108 componit,
558 1029 610 1089 sed
630 1035 664 1088 ut
681 1030 713 1088 in
727 1027 828 1088 limine
842 1028 912 1089 belli
926 1029 1078 1108 dispositis

68 1114 198 1175 castellis
216 1132 270 1194 per
290 1116 441 1195 expeditos
459 1125 489 1178 et
508 1115 701 1177 solitudinum
719 1134 827 1195 gnaros
841 1125 1005 1178 mutantem
1020 1135 1078 1178 ma·
1093 1131 1119 1172 1⁵

68 1199 142 1282 palia
161 1203 377 1265 Tacfarinatem
395 1204 602 1285 proturbabat,
623 1204 717 1265 donec
737 1203 828 1265 fratre
847 1208 912 1266 eius
933 1214 1017 1285 capto
1032 1225 1078 1266 re-

66 1311 187 1371 gressus
202 1300 256 1374 est,
270 1296 479 1372 properantius
499 1300 597 1353 tamen
617 1310 705 1371 quam
724 1310 761 1352 ex
781 1292 906 1353 utilitate
921 1297 1079 1375 sociorum,

67 1380 180 1441 relictis
199 1399 253 1459 per
272 1399 347 1459 quos
365 1388 537 1459 resurgeret
554 1378 673 1440 bellum.
706 1379 758 1439 sed
777 1379 916 1441 Tiberius
934 1400 988 1460 pro
1009 1401 1079 1443 con·

68 1468 146 1527 lecto
161 1470 374 1546 interpretatus
393 1468 423 1528 id
438 1486 557 1547 quoque
570 1466 674 1528 Blaeso
695 1466 814 1546 tribuit,
834 1475 868 1528 ut
889 1471 1079 1549 imperatore

68 1555 234 1633 legionibus
258 1555 446 1635 salutaretur,
468 1557 567 1635 prisco
589 1572 659 1634 erga
677 1554 769 1615 duces
787 1555 909 1634 honore,
933 1559 985 1635 qui
1002 1556 1078 1617 bene
1093 1572 1120 1611 eo

67 1653 150 1723 gesta
169 1662 202 1705 re
222 1643 340 1723 publiea
359 1643 465 1723 gaudio
487 1651 516 1704 et
540 1646 652 1722 impetu
667 1645 788 1703 victoris
802 1646 951 1704 exereitus
966 1645 1080 1705 concla-

68 1731 238 1813 mabantur3
257 1740 400 1811 erantque
419 1731 521 1811 plures
541 1731 629 1792 simul
648 1733 843 1810 imperatores
858 1750 913 1792 neo
928 1750 1018 1811 super
1032 1751 1079 1793 oe·

68 1831 201 1882 tenorum
219 1819 434 1900 aequalitatem.
466 1823 614 1882 concessit
633 1819 810 1898 quibusdam
829 1827 859 1880 et
876 1821 1028 1899 Augustus
1048 1820 1079 1882 id

67 1909 250 1989 vocabulum,
266 1928 300 1970 ao
315 1917 386 1970 tunc
401 1908 540 1970 Tiberius
554 1908 658 1970 Blaeso
672 1916 865 1988 postremum.

134 1994 184 2060 75.
208 1998 316 2059 Obiere
335 2017 370 2058 eo
389 2016 465 2058 anno
486 2000 542 2059 viri
561 1997 701 2058 inlustres
721 1996 840 2057 Asinius
856 1996 1021 2078 Saloninus,
1041 1997 1078 2058 M.

66 2089 195 2165 Agrippa
219 2095 249 2147 et
271 2086 404 2147 Pollione
422 2086 524 2146 Asinio
548 2088 621 2166 avis,
645 2086 736 2146 fratre
752 2084 847 2146 llruso
868 2088 993 2166 insignis
1008 2086 1076 2147 Cae·

67 2178 186 2254 sariqne
204 2192 351 2254 progener
370 2174 549 2256 destinatus,
572 2183 602 2235 et
621 2174 723 2253 Capito
742 2174 858 2254 Ateius,
882 2175 918 2235 de
940 2193 998 2254 quo
1017 2193 1077 2235 me·

67 2266 186 2343 moravi,
204 2266 370 2342 principem
388 2266 420 2323 iu
438 2265 557 2324 civitate
570 2262 668 2323 locum
684 2262 790 2323 studiis
805 2262 941 2324 civilibus
956 2263 1077 2324 adsecu-

68 2362 124 2433 tus,
148 2351 200 2412 sed
218 2371 271 2413 avo
291 2353 466 2412 centurione
487 2351 620 2431 Sullano,
643 2357 727 2430 patre
750 2353 907 2430 praetorio.
945 2352 1104 2412 consula-5

67 2450 131 2501 tum
146 2441 174 2500 ci
187 2440 405 2501 adceleraverat
413 2439 575 2520 Augustus,
589 2447 623 2499 ut
632 2438 799 2510 Labeonem
808 2441 970 2500 Antistium
983 2439 1079 2499 isdem

67 2528 181 2589 artibus
203 2528 432 2608 praecellentem
455 2528 624 2605 dignatione
648 2529 712 2587 eius
735 2529 925 2605 magistratus
944 2528 1079 2586 anteiret.

67 2634 196 2695 namque
214 2615 263 2677 illa
282 2623 362 2676 aetas
382 2616 441 2675 duo
459 2617 541 2693 pacis
563 2615 669 2675 decora
689 2615 777 2675 simul
799 2613 881 2674 tulit:
905 2613 956 2674 sed
981 2613 1078 2674 Labeo

67 2708 241 2780 incorrupta
254 2701 400 2782 libertate,
420 2709 449 2762 et
463 2702 501 2763 ob
515 2702 546 2762 id
560 2702 635 2763 lama
649 2701 838 2781 celebratior,
860 2701 1009 2780 Capitonis
1028 2703 1078 2762 ob-

69 2793 205 2869 sequium
219 2788 438 2850 dominantibus
452 2793 545 2868 magis
568 2789 757 2869 probabatur.
794 2789 849 2870 illi,
868 2790 946 2869 quod
961 2799 1077 2870 praetu·
1092 2807 1120 2847 ao

68 2896 131 2939 ram
146 2881 223 2940 intra
238 2880 329 2958 stetit,
344 2879 558 2939 commendatio
574 2897 609 2938 ex
624 2879 741 2956 iniuria,
756 2877 834 2958 huic,
849 2879 928 2958 quod
944 2879 1078 2941 consula-

67 2979 133 3030 tum
147 2968 271 3047 adeptus
286 2974 340 3047 est,
355 2966 455 3027 odium
470 2985 505 3028 ex
520 2967 629 3028 invidia
644 2966 804 3027 oriebatur.

136 3054 185 3118 td.
218 3055 256 3117 Et
283 3055 367 3116 lunia
395 3058 597 3135 sexagensimo
625 3063 730 3134 quarto
763 3062 831 3135 post
858 3055 1078 3136 Philippensem

66 3149 161 3207 aciem
180 3163 256 3206 anuo
277 3161 450 3223 supremum
469 3144 547 3205 diem
566 3144 706 3223 explevit,
730 3144 839 3205 Catone
863 3144 1007 3204 avunculo
1031 3161 1078 3221 ge·

67 3238 138 3314 nita,
152 3233 182 3294 C.
198 3234 291 3295 Cassii
306 3251 389 3313 uxor,
408 3232 444 3294 M.
459 3232 546 3293 Beuti
560 3251 652 3293 soror.
681 3239 891 3294 testamentum
906 3234 970 3292 eius
986 3230 1078 3292 multo

141 3368 185 3436 74,
202 3374 235 3423 14
250 3369 299 3422 sed
313 3367 343 3422 in
357 3368 375 3423 l.
391 3367 563 3438 Napperdem
583 3373 664 3422 otest
678 3368 822 3424 commotio:
842 3364 892 3420 sed
906 3364 987 3432 quasi
1006 3367 1081 3419 esset

66 3438 137 3494 belli
155 3438 276 3506 initium,
296 3455 353 3493 non
371 3438 428 3492 iam
448 3439 548 3493 exacta
566 3439 671 3506 aestas,
690 3437 732 3492 ita
748 3434 934 3507 proturbabat
952 3440 996 3492 ete.
1013 3438 1017 3505 l
1035 3435 1079 3506 lb,

67 3518 83 3565 ‘l
102 3509 315 3579 magistratibus
