2392 3876
261 187 309 240 ae
328 186 489 242 excessu
506 186 662 242 suausrr
680 187 753 244 xrv.
773 195 885 254 cc-eo.
978 161 982 168 ’
1012 188 1076 253 303

66 339 177 399 nonani
193 336 353 416 legionario
371 336 465 397 milite
484 336 613 416 suppleti
632 346 709 399 sunt.
738 337 875 400 cohortes
890 339 1010 418 alaeque
1025 352 1103 398 noo

67 428 111 486 vis
134 424 333 486 hibernaculis
356 425 481 506 locatae,
506 426 643 505 quodque
667 428 819 487 nationum
839 427 1008 506 ambiguum
1026 434 1077 487 aut

67 516 224 575 adversum
242 515 351 594 luerat,
369 516 432 593 igni
450 523 538 594 atquc
553 516 633 575 ferro
647 522 801 577 vastatum.
830 516 881 576 sed
896 515 970 576 nibil
984 533 1077 594 aeque

68 621 155 683 quam
170 603 261 664 lamas
275 602 431 681 adfligebat
445 603 579 664 serendis
598 603 733 683 frugibus
751 606 930 685 incuriosos,
950 612 980 664 et
998 605 1078 664 omni

67 699 162 752 aetate
176 692 212 752 ad
226 691 336 753 bellum
349 710 443 774 versa,
457 692 527 753 dum
537 700 654 753 nostros
664 700 845 754 commeatus
854 692 912 754 sibi
922 693 1078 753 destinant.

67 789 229 860 gentesque
251 781 439 860 praeferoces
461 779 576 842 tardius
599 781 635 842 ad
657 799 761 860 pacem
788 782 981 861 inclinabant,
1010 783 1078 860 quia
1094 796 1118 835 ιο

67 869 159 931 lulius
169 868 376 949 Classicianus,
392 869 631 931 successordato
643 872 752 931 missus
762 878 792 932 et
802 871 945 932 Suetonio
956 871 1079 950 discors,

67 959 178 1018 bonum
193 957 345 1035 publicum
354 959 477 1036 privatis
488 957 686 1020 simultatibus
696 959 875 1039 impediebat
885 960 1078 1038 disperserat—

69 1064 126 1126 que
141 1062 251 1106 novum
265 1045 393 1124 legatum
407 1047 623 1125 opperiendum
637 1065 715 1128 esse,
736 1050 799 1108 sine
813 1048 915 1110 hostili
928 1051 971 1108 ira
987 1055 1017 1108 et
1032 1064 1079 1107 su-

67 1133 170 1214 perbia
180 1136 301 1194 victoris
311 1134 473 1195 clementer
482 1134 590 1195 deditis
600 1135 814 1197 consulturum.
834 1137 921 1198 simul
931 1139 962 1196 in
972 1135 1078 1197 urbem

68 1221 231 1303 mandabat,
246 1222 360 1284 nullum
373 1223 554 1302 proeliorum
569 1225 658 1284 linem
672 1232 887 1306 exspectarent,
902 1227 960 1285 nisi
975 1243 1076 1287 succe·
1093 1239 1118 1278 1⁵

69 1313 189 1373 deretur
204 1312 355 1392 Suetonio,
369 1313 455 1373 cuius
469 1312 590 1373 adversa
604 1314 740 1390 pravitati
755 1315 858 1394 ipsius,
877 1331 1021 1392 prospera
1042 1313 1077 1372 ad

69 1402 217 1462 fortunam
232 1400 389 1461 referebat.

136 1487 187 1550 39.
209 1489 303 1568 Igitur
322 1490 358 1550 ad
377 1489 570 1568 spectandum
588 1488 758 1550 Britanniae
777 1497 887 1550 statum
906 1490 1015 1548 missus
1035 1496 1080 1548 est

70 1598 85 1639 e
109 1578 225 1639 libertis
247 1577 419 1659 Polyclitus,
441 1596 546 1656 magna
568 1577 694 1653 Neronis
719 1596 771 1657 spe
793 1595 881 1656 posse
905 1578 1079 1638 auctoritate

70 1670 134 1728 eius
153 1685 212 1727 non
235 1668 322 1727 modo
341 1669 420 1727 inter
437 1666 566 1746 legatum
584 1674 867 1746 procuratoremque
891 1665 1079 1726 concordiam
1136 1691 1140 1697 ¹

70 1758 164 1835 gigni,
185 1757 236 1816 sed
259 1763 288 1816 et
308 1755 434 1816 rebelles
457 1755 616 1816 barbarum
635 1757 747 1816 animos
765 1773 838 1834 pace
857 1757 992 1833 conponi.
1024 1772 1079 1814 nec

71 1840 164 1905 deluit
177 1843 345 1925 Polyclitum,
361 1863 419 1924 quo
433 1846 531 1905 minus
546 1846 658 1923 ingenti
672 1846 787 1923 agmine
802 1842 901 1904 ltaliae
911 1842 1079 1922 Galliaeque
1094 1857 1106 1895 ⁵

70 1935 180 2015 gravis,
202 1941 358 2013 postquam
378 1933 527 1994 Oceanum
550 1935 767 2012 transmiserat,
792 1931 937 1992 militibus
961 1949 1079 2011 quoque

71 2025 181 2083 nostris
200 2022 342 2083 terribilis
361 2021 520 2083 incederet.
558 2021 610 2082 sed
628 2021 765 2082 hostibus
783 2023 890 2081 inrisui
909 2021 978 2100 fuit,
1002 2019 1079 2098 apud

53 2130 145 2190 ,quos
160 2111 302 2190 flagrante
317 2113 483 2172 etiamtum
502 2109 637 2172 libertate
652 2110 782 2172 nondum
798 2112 915 2189 cognita
929 2109 1080 2170 libertino·

70 2219 138 2260 rum
147 2202 278 2279 potentia
288 2208 365 2281 erat3
377 2199 629 2280 mirabanturque,
645 2199 722 2280 quod
733 2199 792 2260 dur
803 2207 833 2259 et
842 2200 991 2260 exercitus
1006 2199 1080 2258 tanti

71 2287 140 2347 belli
154 2289 305 2349 conlector
320 2290 447 2349 servitiis
463 2288 644 2348 oboedirent.
673 2294 779 2349 cuncta
794 2296 891 2348 tamen
906 2288 941 2348 ad
956 2290 1080 2365 impera·
1096 2301 1121 2339 10

72 2385 167 2436 torem
186 2378 217 2435 in
236 2375 353 2436 mollius
372 2375 476 2456 relata;
495 2377 692 2456 detentusque
711 2376 802 2437 rebus
821 2376 961 2455 gerundis
977 2375 1080 2435 Sueto-

72 2467 152 2544 nius,
173 2465 250 2543 quod
265 2473 368 2542 postea
382 2482 491 2544 paucas
505 2483 594 2525 naves
613 2467 645 2524 in
664 2464 749 2525 litore
768 2467 984 2543 remigiumque
999 2466 1029 2523 in
1044 2465 1082 2522 iis

72 2556 218 2632 amiserat,
233 2560 381 2632 tamquam
396 2553 520 2613 durante
539 2552 616 2612 bello
636 2552 753 2613 tradere
768 2554 931 2612 exercitum
942 2553 1081 2611 Petronio

72 2641 256 2723 Ttrrpiliano,
276 2643 326 2719 qui
345 2643 402 2701 iam
421 2639 576 2701 consulatu
594 2640 719 2720 abierat,
737 2639 866 2700 iubetur.
894 2642 920 2700 is
938 2657 997 2700 non
1011 2639 1081 2698 inri-

73 2737 133 2790 tato
147 2729 233 2790 hoste
247 2747 344 2808 neque
359 2728 513 2790 lacessitus
528 2728 685 2789 honestum
700 2730 782 2807 pacis
796 2746 904 2789 nomen
919 2731 1002 2807 segni
1021 2729 1081 2788 otio
1097 2742 1122 2782 ro

72 2820 221 2897 imposuit.

138 2904 190 2968 40.
209 2907 320 2966 Eodem
339 2925 415 2967 anno
435 2907 543 2967 Romae
562 2908 688 2986 insignia
710 2905 835 2986 scelera,
856 2905 980 2967 alterurn
1001 2924 1082 2967 sena·

143 3113 189 3181 38,
210 3121 225 3168 '1
252 3114 393 3180 uastatur,
420 3130 467 3168 em.
487 3113 602 3169 Ernesti
626 3114 630 3182 Ι
656 3110 829 3181 9destinat3
850 3120 914 3182 poet
939 3112 1084 3166 destinant

72 3186 232 3256 thperdep
250 3186 358 3257 siguum
378 3186 492 3240 lucum
508 3186 602 3254 posuit
617 3184 622 3255 Ι
639 3189 671 3238 10
685 3182 832 3251 inclinant,
852 3202 898 3238 em.
914 3183 1081 3255 Acidaliae!

74 3263 105 3311 11
126 3257 156 3311 et
173 3254 280 3311 suetior
295 3260 299 3318 l
317 3261 350 3309 14
368 3255 445 3322 urbe,
464 3272 511 3310 em.
530 3255 682 3311 Rhenanus
698 3261 703 3322 Ι
719 3261 752 3310 15
770 3253 941 3336 proeliorum
955 3254 1083 3325 Lipsius:

72 3327 179 3394 praelio
204 3329 209 3399 l
236 3335 267 3382 17
286 3327 429 3380 fortunam
446 3327 571 3381 mesti:
599 3325 741 3380 fortunam
767 3325 857 3396 ipsius
885 3325 960 3396 (fort.
987 3324 1029 3380 rei
1055 3341 1082 3394 p.

75 3399 252 3466 Puteolanus,
271 3398 289 3452 f.
310 3396 422 3467 imperii
437 3398 499 3452 Jac.
515 3397 681 3468 Graeculus)
697 3401 702 3466 1
719 3397 764 3466 ut,
778 3404 796 3452 4
814 3397 996 3452 barbarorum
1015 3413 1082 3451 corr.

73 3469 108 3536 cf.
131 3467 265 3538 Wlfflin,
286 3470 386 3526 Philol.
405 3472 454 3537 25,
474 3471 528 3524 133
552 3471 557 3538 1
584 3474 616 3523 12
633 3470 734 3539 postea
752 3484 813 3524 nus:
835 3470 902 3538 post
925 3468 1083 3537 (postquam

72 3541 131 3594 siue
149 3539 224 3607 quod
242 3539 285 3596 Jo.
306 3541 357 3595 Fr.
378 3539 543 3610 Gronovius)
