2392 3876
313 718 628 803 CORNELII
667 716 898 802 TAOITI

350 863 398 934 ΑΒ
419 862 588 934 Excusso
608 862 685 932 111111
706 859 866 952 AUGUSTI

511 1010 620 1112 umen
636 1009 683 1064 111.

168 1157 194 1222 1.
218 1159 297 1221 Nihil
318 1161 487 1221 intermissa
506 1161 691 1238 navigatione
709 1158 829 1219 hiberni
845 1159 936 1218 maris
950 1158 1111 1237 Agrippina

98 1250 256 1329 Corcyram
276 1248 403 1309 insulam
423 1247 592 1327 advehitur,
616 1247 702 1307 litora
722 1245 872 1308 Calabriae
891 1255 995 1308 contra
1016 1249 1110 1308 sitam.

98 1329 162 1399 illic
178 1355 290 1416 paucos
309 1337 372 1396 dies
391 1336 585 1414 conponendo
605 1337 702 1395 animo
720 1336 858 1414 insumit,
880 1335 1007 1395 violenta
1028 1336 1111 1397 luctu

100 1433 130 1486 et
143 1427 243 1486 nescia
258 1424 412 1484 tolerandi.
440 1425 561 1484 interim
575 1423 703 1483 adventu
715 1425 780 1483 eius
790 1423 889 1482 audito
899 1425 1021 1483 intimus
1032 1426 1111 1502 quis-

101 1533 159 1593 que
174 1515 338 1573 amicorum
352 1519 382 1572 et
395 1511 530 1590 plerique
540 1511 691 1592 militares,
705 1518 740 1571 ut
749 1513 860 1590 quique
871 1510 926 1571 sub
937 1511 1110 1572 Germanico
1139 1528 1151 1569 a

100 1601 248 1680 stipendia
262 1601 403 1680 iecerant,
418 1591 568 1679 multique
577 1601 665 1661 etiam
679 1601 772 1678 ignoti
786 1600 892 1660 vicinis
906 1601 1112 1680 emunicipiis,

100 1709 169 1770 pars
184 1690 314 1750 osticium
330 1691 360 1748 in
374 1690 540 1768 principem
554 1691 620 1770 rati,
638 1688 740 1767 plures
759 1687 826 1749 illos
845 1691 949 1769 secuti,
968 1706 1057 1749 ruere
1075 1688 1111 1749 ad

100 1779 243 1858 oppidum
252 1778 452 1859 Brundisium,
467 1777 546 1856 quod
561 1779 710 1856 naviganti
724 1777 913 1838 celerrimum
922 1777 1112 1837 fidissimum·

100 1886 157 1947 que
181 1867 307 1945 adpulsu
331 1874 402 1928 erat.
440 1874 528 1946 atque
551 1865 605 1927 ubi
626 1868 756 1945 primum
780 1885 816 1926 ex
839 1865 897 1927 alto
916 1868 979 1926 visa
999 1865 1111 1946 classis,

99 1955 286 2035 complentur
300 1974 360 2016 non
374 1954 460 2016 modo
479 1963 584 2033 portus
602 1962 633 2015 et
650 1957 784 2034 proxima
798 1956 901 2036 maris,
921 1955 974 2016 sed
995 1957 1110 2016 moenia
1126 1971 1152 2012 10

99 2064 132 2107 ac
147 2053 234 2125 tecta,
256 2062 373 2123 quaque
386 2044 558 2123 longissime
572 2046 758 2123 prospectari
771 2050 896 2123 poterat,
915 2047 1111 2104 maerentium

99 2133 187 2194 turba
201 2140 230 2193 et
245 2133 436 2211 rogitantium
450 2135 530 2193 inter
544 2151 585 2212 se,
604 2132 759 2194 silentione
779 2151 817 2193 an
830 2151 902 2192 voce
917 2132 1014 2211 aliqua
1029 2151 1111 2212 egre-

100 2223 229 2283 dientem
243 2223 423 2300 exciperent.
452 2239 549 2300 neque
563 2224 635 2283 satis
649 2221 804 2283 constabat
817 2221 889 2301 quid
907 2240 961 2300 pro
976 2229 1111 2301 tempore

99 2311 185 2392 foret,
204 2329 272 2372 cum
291 2309 394 2371 classis
412 2309 554 2388 paulatim
568 2313 722 2390 suecessit,
741 2328 801 2370 non
820 2310 919 2389 alacri,
937 2317 972 2371 ut
990 2309 1112 2389 adsolet,

99 2401 233 2479 remigio,
248 2399 299 2459 sed
314 2400 430 2460 cunctis
445 2400 480 2459 ad
495 2401 646 2459 tristitiam
661 2400 841 2477 compositis.
868 2405 1025 2478 postquam
1040 2399 1152 2459 duo-15

99 2488 156 2550 bus
171 2505 238 2550 cum
252 2486 369 2567 liberis,
388 2486 510 2547 feralem
528 2504 634 2548 urnam
652 2494 765 2568 tenens,
787 2505 906 2566 egressa
925 2489 992 2546 navi
1010 2486 1112 2547 definit

100 2576 215 2655 oculos,
238 2576 317 2636 idem
336 2577 467 2636 omnium
486 2577 627 2656 gemitus;
649 2594 746 2655 neque
761 2576 948 2637 discerneres
960 2577 1111 2653 proximos
1167 2609 1174 2626 ·

100 2664 221 2742 alienos,
235 2665 365 2722 virorum
381 2663 593 2724 feminarumve
606 2663 751 2744 planctus,
773 2666 831 2725 nisi
845 2662 924 2742 quod
939 2665 1112 2725 comitatum

99 2753 279 2830 Agrippinae
298 2750 384 2829 longo
400 2769 533 2812 maerore
551 2752 664 2812 iessum
677 2752 757 2813 obvii
771 2760 801 2813 et
815 2758 950 2813 recentes
964 2754 995 2812 in
1010 2752 1111 2813 dolore

100 2840 259 2901 anteibant.
1011 2915 1013 2919 Ι
1125 2855 1152 2895 vo

166 2927 196 2990 2.
225 2927 346 2991 Miserat
369 2929 442 2989 duas
465 2931 628 3008 praetorias
652 2928 790 2989 cobortes
813 2928 932 3010 Caesar,
956 2930 1055 2990 addito
1078 2937 1113 2989 ut

98 3021 290 3098 magistratus
314 3016 464 3079 Calabriae
486 3017 632 3097 Apulique
661 3026 691 3100 11
714 3016 853 3097 Campani
880 3036 1018 3098 suprema
1042 3035 1112 3095 erga

97 3109 272 3170 memoriam
295 3107 349 3167 lilii
372 3108 420 3167 sui
441 3109 542 3167 munia
565 3107 769 3186 iungerentur.
807 3109 899 3186 igitur
921 3105 1112 3167 tribunorum

99 3198 369 3276 centurionumque
389 3198 502 3257 umeris
524 3197 640 3257 cineres
663 3195 872 3276 portabantur,
895 3193 1112 3273 praecedebant

170 3402 197 3472 1,
212 3408 228 3457 9
247 3400 368 3471 adpulsu
387 3401 435 3472 (ad
454 3400 603 3470 adpulsum
619 3401 778 3472 Ddderlein)
794 3403 799 3471 1
817 3406 850 3456 10
868 3397 941 3453 mari
956 3399 1085 3455 11111111
1104 3399 1108 3472 Ι

98 3472 126 3541 2,
140 3479 156 3528 3
175 3471 272 3527 munia
287 3473 390 3551 Rittev:
409 3489 525 3527 munera
