2408 3870
138 184 200 249 156
486 182 656 241 CORNELII
672 183 790 241 TACITI

109 332 314 413 scelebraret,
337 350 435 412 neque
454 333 644 407 fundamenta
662 350 717 412 per
737 331 863 394 solidum
881 332 1028 415 subdidit,
1048 353 1153 415 neque

136 422 229 482 lirmis
248 421 374 483 nexibus
392 421 520 500 ligneam
538 439 709 502 compagem
729 423 941 502 superstruxit,
959 430 994 483 ut
1014 425 1069 500 qui
1087 442 1150 484 nou

136 510 316 572 abundantia
334 512 479 589 pecuniae
499 527 554 571 uec
572 510 744 590 municipali
761 509 934 588 ambitione,
960 509 1013 570 sed
1033 513 1064 571 in
1086 529 1151 572 sor-

135 599 233 660 didam
251 598 420 660 mercedem
438 597 468 658 id
488 601 638 677 negotium
658 600 859 678 quaesivisset.
896 596 1049 659 adlluxere
1068 599 1150 660 avidi

135 687 251 766 talium,
270 688 458 766 imperitante
472 685 592 747 'liberio
606 686 711 765 procul
725 685 925 766 voluptatibus
939 685 1047 766 babiti,
1060 687 1152 747 virile

96 791 122 831 io
136 794 169 837 ac
184 774 329 836 muliebre
344 792 446 855 secus,
465 777 560 835 omnis
575 783 667 856 aetas,
681 775 720 835 ob
733 776 985 855 propinquitatem
999 773 1060 835 loci
1074 776 1149 836 ellu-

136 866 212 943 sius3
231 862 310 923 unde
329 863 446 941 gravior
459 864 553 941 pestis
567 863 636 943 fuit,
656 864 787 924 conferta
801 862 891 943 mole,
910 862 979 923 dein
993 863 1151 943 convulsa,

135 951 206 1012 dum
220 952 376 1012 ruitintus
390 952 486 1011 autin
501 953 647 1012 exteriora
666 951 828 1012 ellunditur
845 953 1071 1030 inmensamque
1087 954 1149 1012 vim

135 1038 316 1120 mortalium,
344 1038 513 1118 spectaculo
541 1040 671 1101 intentos
694 1048 745 1100 aut
768 1042 820 1118 qui
843 1040 957 1100 circum
980 1037 1151 1118 adstabant,

135 1145 278 1206 praeceps
292 1127 383 1188 trabit
397 1135 485 1206 atqua
500 1129 605 1207 operit
633 1135 663 1189 et
677 1126 720 1189 illi
734 1127 862 1208 quidem,
877 1144 952 1206 quos
961 1128 1149 1206 principium

96 1230 121 1270 15
136 1217 243 1293 stragis
257 1217 289 1276 in
303 1224 430 1277 mortem
440 1215 601 1295 adflixerat,
615 1224 649 1277 nt
658 1215 709 1276 tali
720 1224 810 1297 sorte,
823 1216 989 1276 cruciatum
999 1215 1151 1293 effugere:

135 1304 296 1364 miserandi
320 1307 413 1384 magis
436 1322 511 1384 quos
531 1303 656 1384 abrupta
678 1312 762 1384 parte
781 1305 916 1382 corporis
934 1302 1068 1363 noudum
1087 1306 1148 1365 vita

135 1393 320 1474 deseruerat3
348 1395 400 1472 qui
427 1412 481 1472 per
504 1393 582 1454 diem
604 1395 682 1473 visu,
710 1400 905 1471 pernoctem
928 1389 1095 1452 ululatibus
1120 1399 1150 1451 et

135 1484 247 1560 gemitu
266 1483 406 1561 coniuges
426 1489 477 1543 aut
495 1481 604 1542 liberos
618 1479 788 1542 noscebant.
824 1483 882 1540 iarn
897 1481 991 1540 ceteri
1004 1479 1083 1539 sama
1099 1497 1150 1540 ex·

135 1572 200 1650 citi,
219 1570 267 1630 hic
282 1570 418 1649 fratrem,
436 1572 638 1649 propinquum
656 1569 720 1649 ille,
734 1568 813 1631 ,alius
827 1576 965 1647 parentes
979 1566 1148 1628 lamentari.

95 1673 122 1713 ao
136 1661 223 1720 etiam
242 1677 370 1738 quorum
388 1659 504 1720 diversa
519 1657 555 1718 de
569 1676 658 1719 causa
672 1659 758 1718 amici
773 1664 824 1717 aut
837 1656 999 1717 necessarii
1012 1654 1150 1735 aberant,

135 1765 242 1825 pavere
256 1756 368 1826 tamen3
382 1745 552 1825 nequedum
566 1753 731 1826 comperto,
746 1762 821 1824 quos
835 1743 885 1805 illa
898 1745 943 1804 vis
956 1743 1151 1825 perculisset,

135 1835 222 1895 latior
237 1852 273 1894 ex
287 1836 402 1894 incerto
417 1840 523 1894 metus.

203 1919 254 1984 63.
278 1921 316 1982 Ut
334 1939 459 1999 coepere
474 1921 618 1982 dimoveri
632 1920 747 2002 obruta,
762 1936 926 1982 concursus
941 1919 976 1980 ad
993 1920 1149 1979 exanimos

136 2009 409 2089 complectentium,
433 2008 643 2090 osculantium3
671 2017 702 2070 ct
724 2027 812 2087 saepe
838 2016 1001 2087 certamen,
1025 2009 1053 2067 si
1076 2025 1148 2067 con·

137 2098 230 2157 fusior
249 2097 352 2175 iacies,
376 2095 428 2157 sed
451 2114 506 2176 par
529 2097 623 2158 forma
642 2104 693 2158 aut
712 2105 792 2158 actas
811 2113 944 2157 errorem
962 2094 1147 2173 adgnoscen-

137 2185 217 2246 tibus
236 2185 354 2245 iecerat.
394 2187 609 2264 quinquaginta
628 2185 781 2246 homiuum
799 2183 879 2245 milia
898 2201 933 2244 eo
952 2199 1023 2244 casu
1044 2181 1148 2244 debili·

110 2280 198 2334 ⁵tata
216 2272 262 2332 vel
281 2271 390 2333 obtrita
409 2280 494 2354 sunt3
518 2280 696 2353 cautumque
715 2275 917 2352 inposterum
936 2278 1058 2333 senatus
1077 2289 1147 2332 con·

138 2361 229 2442 sulto,
243 2379 280 2421 ne
295 2363 362 2439 quis
377 2361 582 2440 gladiatorium
593 2379 701 2422 munus
712 2361 826 2442 ederet,
841 2362 890 2422 cui
898 2362 995 2420 minor
1006 2359 1148 2438 quadrin-

137 2458 294 2529 gentorum
307 2449 422 2510 milium
435 2467 498 2530 res,
517 2468 591 2511 neve
605 2449 853 2529 amphitheatrum
868 2451 1074 2528 imponeretur
1087 2447 1149 2507 nisi

138 2538 200 2599 solo
219 2540 367 2599 firmitatis
386 2545 543 2618 spectatae.
575 2538 683 2600 Atilius
696 2540 727 2599 in
742 2537 863 2599 exilium
877 2545 961 2598 actus
976 2543 1030 2597 est.
1068 2542 1149 2596 cete·

137 2645 204 2687 rum
219 2627 275 2688 sub
290 2634 440 2688 recentem
454 2626 567 2687 cladem
581 2634 703 2706 patuere
717 2642 876 2706 procerum
887 2625 1001 2704 domus,
1016 2624 1150 2684 fomenta

98 2729 123 2768 ιο
138 2721 168 2774 et
185 2715 293 2775 medici
311 2717 422 2794 passim
439 2714 580 2795 praebiti,
599 2715 715 2795 fuitque
733 2712 806 2775 urbs
819 2730 874 2793 per
887 2711 953 2773 illos
966 2712 1030 2773 dies
1045 2729 1151 2791 quam·

138 2820 225 2880 quam
240 2811 351 2863 maesta
365 2803 438 2864 facie
453 2810 587 2864 veterum
600 2803 746 2864 institutis
761 2801 878 2882 similis,
894 2802 945 2880 qui
959 2818 1063 2879 magna
1078 2807 1149 2878 post

137 2889 250 2968 proelia
265 2892 380 2950 saucios
395 2891 550 2970 largitione
565 2899 595 2951 et
608 2908 679 2952 cura
695 2889 908 2952 sustentabant.

204 2975 256 3038 64.
278 2975 416 3039 Nondum
439 2995 473 3039 ea
498 2978 597 3039 clades
619 2977 798 3058 exoleverat,
825 2995 893 3039 cum
912 2978 990 3055 ignis
1008 2974 1149 3036 violentia

138 3065 242 3126 urbem
261 3064 340 3125 ultra
359 3066 478 3126 solitum
498 3065 619 3146 adiecit,
642 3065 748 3127 deusto
766 3073 866 3127 monta
886 3063 997 3145 Caelio;
1012 3062 1148 3124 feralem·

207 3235 253 3303 62,
273 3242 288 3290 'i
308 3233 424 3289 sordida
441 3233 577 3302 mercede,
596 3251 643 3291 em.
660 3235 791 3302 Picbeua,
810 3236 844 3302 cf.
864 3239 909 3300 11,
927 3238 952 3290 6.
972 3233 1061 3289 Germ.
1080 3237 1121 3289 24
1142 3231 1151 3305 f

137 3304 263 3359 tririlis
292 3322 325 3360 ac
352 3303 499 3359 muliebris
527 3321 607 3360 sexus
625 3305 780 3361 Beroaldus
803 3306 808 3373 1
834 3311 868 3360 10
886 3302 1000 3358 effusius
1018 3303 1151 3372 museus:

137 3375 239 3431 effusus
255 3381 260 3446 Ι
277 3382 309 3431 11
324 3375 412 3431 moles
426 3376 518 3430 uerter
534 3378 538 3443 Ι
556 3382 588 3431 17
608 3377 657 3432 aut
675 3374 724 3444 qui
738 3375 873 3446 Pluygers
887 3377 892 3442 Ι
908 3381 941 3430 21
955 3373 1000 3428 uis
1013 3371 1150 3443 periculis

136 3447 187 3499 sed
203 3452 207 3512 Ι
223 3446 268 3513 63,
289 3453 304 3501 3
323 3449 353 3501 et
369 3462 422 3516 par
438 3446 602 3514 Beroaldus,
620 3447 655 3516 cf.
675 3445 780 3502 Hercei
797 3445 876 3502 saue.
887 3449 913 3515 1,
922 3449 958 3500 41
973 3447 1011 3515 l'⁶
1029 3445 1149 3517 mwusl

137 3524 170 3570 11
189 3515 397 3587 institutique,
417 3523 431 3571 1
450 3532 517 3572 nam
535 3516 602 3571 dum
