2408 3870
107 169 171 234 256
458 164 627 221 CORNELII
643 164 763 221 TACI'II
819 154 848 207 0

107 317 194 395 Nero,
209 323 340 376 veterem
354 314 528 392 religionem
536 312 728 374 kalendarum
739 312 940 374 Ianuariarum
952 314 1130 377 inchoando

107 424 184 466 anno
204 407 335 465 retinuit.
367 421 464 482 neque
484 404 597 481 recepti
617 410 687 462 sunt
706 404 784 462 iuter
798 420 865 462 reos
880 401 1024 463 Carrinas
1039 403 1130 465 Celer

107 502 227 555 senator
255 511 340 553 servo
364 500 535 571 accusante,
563 497 614 551 aut
636 490 729 551 lullus
752 490 867 552 Densus
890 500 1049 572 equester,
1080 497 1128 555 cui

110 584 191 643 lavor
204 585 235 642 in
250 582 453 641 Britannicum
469 580 585 640 crimini
600 578 732 640 dabatur.

178 669 227 732 11.
252 670 373 731 Claudio
392 668 509 730 Nerone
528 667 560 727 L.
579 667 705 728 Antistio
726 666 898 728 consulibus
917 686 987 751 cum
1006 671 1041 730 in
1063 680 1126 732 aeta

110 761 279 838 priucipum
297 761 431 818 iurarent
449 758 652 837 magistratuS,
671 758 702 817 in
721 774 774 817 sua
793 764 858 817 acta
877 755 1021 835 collegam
1044 759 1126 820 Anti·

110 851 199 909 stium
214 850 312 908 iurare
326 844 490 924 prohibuit,
509 846 622 922 magnis
636 853 753 922 patrum
767 844 916 923 laudIbus,
935 854 970 905 ut
984 847 1126 909 iuvenilis

110 939 226 997 animus
248 935 356 995 levium
380 950 498 1012 quoque
522 951 623 993 rerum
641 933 734 1010 gloria
753 932 887 994 sublatus
905 936 1037 995 maiores
1058 954 1125 998 con·

84 1039 96 1079 a
110 1027 248 1084 tinuaret.
277 1031 436 1100 secutaque
451 1022 556 1082 lenitas
569 1023 601 1082 in
615 1020 762 1083 Plautium
776 1021 963 1103 Lateranum,
979 1041 1076 1102 quem
1090 1025 1125 1085 nb

110 1112 289 1173 adulterium
302 1109 475 1171 Messalinae
489 1110 593 1171 ordine
608 1110 758 1172 demotum
772 1109 900 1170 reddidit
914 1114 1049 1193 senatui,
1070 1114 1125 1175 cle·

111 1203 251 1261 mentiam
266 1217 349 1260 suam
364 1198 554 1277 obstringens
567 1199 682 1259 crebris
701 1193 898 1279 orationibus,
918 1217 993 1278 quas
1007 1199 1126 1264 Seneca

111 1289 304 1366 testificando,
328 1306 414 1366 quam
433 1286 557 1348 honesta
576 1290 774 1368 praeciperet,
794 1287 841 1347 vel
858 1287 989 1348 iactandi
1008 1291 1126 1369 ingenii

112 1396 183 1438 voce
199 1379 342 1455 prlncipis
357 1375 500 1454 vulgabat.

181 1464 229 1526 12.
254 1466 392 1527 Ceterum
415 1465 539 1525 inlracta
562 1463 703 1543 paulatim
727 1466 858 1543 potentia
877 1467 980 1525 matris
999 1465 1127 1547 delapso

111 1554 227 1615 Nerone
241 1558 272 1614 in
291 1572 421 1614 amorem
440 1553 575 1630 libertae,
595 1554 644 1613 oui
663 1553 839 1615 vocabulum
852 1552 924 1614 Acte
944 1552 1012 1634 luit,
1036 1558 1127 1618 simul

111 1645 275 1722 adsumptis
295 1645 325 1702 in
344 1643 555 1703 conscientiam
571 1643 612 1701 M.
627 1640 743 1702 Othone
762 1649 792 1703 et
811 1641 931 1702 Claudio
947 1641 1128 1725 Senecione,

112 1731 342 1793 adulescentulis
357 1731 486 1810 decoris,
501 1748 629 1809 quorum
643 1728 720 1790 0tbo
735 1730 843 1790 lamilia
857 1729 1016 1811 consulari,
1033 1732 1128 1797 Sene-

84 1824 157 1882 soIo
172 1820 279 1881 liberto
294 1820 426 1880 Caesaris
440 1826 524 1898 patre
539 1819 665 1895 genitus,
694 1820 796 1896 ignara
809 1826 912 1900 matre,
926 1820 995 1880 deiu
1009 1821 1127 1884 frustra

112 1910 277 1988 obnitente,
296 1909 415 1986 penitus
434 1909 599 1985 inrepserat
618 1925 672 1986 per
684 1907 788 1968 luxum
802 1914 832 1968 et
845 1906 981 1986 ambigua
996 1920 1128 1993 secreta,

111 2016 149 2058 nc
163 1997 331 2057 senioribus
346 1996 466 2074 quidem
479 1997 623 2074 principis
637 1998 739 2056 amicis
753 1995 986 2071 adversanthus‚
1002 1999 1127 2062 mulier·

112 2084 177 2146 cula
201 2083 279 2144 nulla
302 2087 476 2162 citiusquam
499 2084 607 2142 iniuria
630 2084 785 2161 cupidines
807 2086 951 2164 principis
975 2087 1127 2170 explente,

36 2236 38 2241 ,
113 2173 230 2252 quando
245 2190 336 2232 uxore
352 2171 388 2231 ab
403 2170 536 2251 Octavia,
552 2170 643 2242 nobili
657 2172 776 2250 quidem
791 2181 821 2234 et
833 2173 990 2252 probitatIs
1005 2187 1126 2254 speeta-

73 2276 98 2318 ro
112 2269 173 2339 tae,
196 2261 254 2321 lato
279 2260 419 2340 quodam,
442 2278 478 2320 au
503 2260 571 2338 quia
593 2260 763 2338 praevalent
786 2261 910 2339 iolioita,
932 2261 1128 2348 abhorrebat,

111 2348 372 2428 metuebaturque,
392 2367 428 2409 ne
448 2351 478 2409 in
494 2357 597 2427 stupra
611 2348 786 2410 feminarum
800 2349 970 2411 inlustrium
984 2370 1127 2431 prorum·

111 2448 209 2518 peret,
224 2441 249 2498 si
263 2437 311 2498 illa
326 2437 447 2498 libidine
461 2437 679 2517 prohiberetur.
1037 2502 1040 2507 ,

181 2525 229 2588 13.
254 2526 311 2588 Sed
330 2526 490 2606 Agrippina
514 2525 650 2587 libertam
673 2525 829 2607 aemulam,
852 2545 961 2588 nurum
985 2532 1127 2594 ancillam

111 2617 225 2696 aliaque
240 2615 367 2677 eundem
385 2617 417 2676 in
434 2614 554 2676 modum
574 2613 759 2675 muliebriter
777 2616 917 2696 fremere,
936 2633 1036 2696 neque
1057 2640 1127 2700 pae-

112 2708 267 2766 nitentiam
281 2703 333 2765 lilii
348 2713 398 2766 aut
412 2706 578 2765 satietatem
592 2705 732 2783 opperiri,
746 2711 916 2784 quantoque
926 2705 1062 2768 foediora
1077 2728 1127 2770 ex·

61 2817 67 2830 ·
111 2792 283 2872 probrahat,
297 2795 395 2853 acrius
409 2792 585 2871 accendere,
604 2791 699 2852 donec
712 2794 741 2852 vi
755 2794 864 2853 amoris
877 2793 1019 2855 subactus
1035 2814 1127 2859 exuo

85 2895 98 2936 a
111 2888 158 2941 ret
172 2880 347 2958 obsequium
361 2883 392 2941 in
402 2889 526 2942 matrem
536 2898 628 2958 seque
639 2879 768 2941 Senecae
778 2883 975 2963 permitteret,
988 2900 1025 2943 ex
1037 2890 1126 2948 cuius

112 2966 303 3029 familiathus
322 2967 459 3029 Annaeus
483 2967 614 3029 Serenus
637 2968 823 3030 simulatione
845 2972 955 3031 amorIs
978 2971 1125 3036 adversus

112 3057 235 3118 eandem
264 3055 399 3117 llbertam
428 3058 539 3134 primas
568 3055 765 3117 adulescentis
792 3058 947 3138 cupidines
974 3059 1126 3125 velaverat

111 3145 347 3227 praebueratque
365 3162 486 3224 nomen,
505 3153 539 3206 ut
557 3162 632 3223 quae
650 3147 790 3225 princeps
804 3146 911 3208 lurtim
929 3147 1125 3212 mulierculae

183 3298 229 3365 10,
249 3305 264 3354 8
289 3313 374 3366 eques
397 3296 447 3351 Ro.
468 3298 766 3367 Muretna,ntn.12,
786 3302 822 3355 60
845 3301 850 3368 Ι
875 3298 920 3366 11,
940 3305 956 3354 b
979 3299 1125 3358 Plautium

110 3371 274 3426 Rhenanus:
303 3367 425 3439 plebium
449 3368 453 3438 Ι
478 3373 495 3423 6
524 3367 667 3423 demotum
694 3385 763 3428 corr.
785 3385 820 3424 ec
840 3371 979 3424 remotum
1002 3374 1125 3441 (motum

110 3443 268 3508 Acidoh'nr)
292 3442 298 3510 Ι
324 3440 369 3505 12,
389 3445 405 3494 2
424 3437 512 3494 Aetne
531 3440 620 3508 (1113
638 3438 675 3493 Μ.
694 3441 758 3496 odd.
783 3440 874 3496 Rr‘tter
889 3445 894 3512 Ι
910 3447 926 3496 b
945 3440 974 3510 C.
994 3441 1124 3500 Caesaris

110 3510 145 3567 L.
154 3511 271 3581 Spenpet
283 3511 286 3582 l
300 3517 333 3566 to
342 3510 418 3565 facto
435 3513 439 3579 Ι
456 3509 500 3577 18,
511 3509 702 3565 descenderet
717 3512 722 3582 l
737 3511 887 3568 adenecne
897 3511 1039 3571 Muretus:
1055 3531 1124 3572 nece
1163 3575 1166 3580 ,
