2392 3876
125 172 191 235 220
477 169 646 226 CORNELII
663 169 780 225 TAClTl

125 319 222 380 miliae
242 321 341 382 Iottoe
357 318 554 398 Claudiaeque
579 327 713 397 posteros
737 320 942 397 coniungeret,
966 335 1003 377 ne
1027 318 1144 381 femina

126 415 264 487 expertae
279 407 477 488 fecunditatis,
491 408 605 486 integra
619 409 746 487 iuventa,
760 405 965 467 claritudinem
976 405 1144 468 Caesarum

126 496 212 557 aliam
226 498 256 556 in
272 496 390 557 domum
406 496 505 556 ferret.

193 581 222 646 3.
255 583 448 645 Praevaluere
476 583 548 645 haec
572 583 671 644 adiuta
694 583 872 661 Agrippinae
899 581 1073 644 inlecebris:
1104 585 1143 645 ad

127 692 194 733 eum
218 690 272 752 per
295 674 424 751 speeiem
447 671 676 733 necessitudinis
699 669 805 731 crebro
829 670 997 731 ventitando
1024 671 1144 750 pellicit

126 769 278 841 patruum,
297 768 330 821 nt
343 759 472 839 praelata
487 761 595 820 ceteris
610 767 642 821 et
653 759 784 820 nondum
798 777 874 819 uxor
886 762 1017 837 potentia
1033 764 1142 822 uxoria

127 852 184 910 iam
199 856 343 910 uteretur.
371 866 439 909 nam
452 847 508 909 ubi
519 849 566 909 sui
579 849 764 908 matrimonii.
774 855 859 908 certa.
868 847 933 927 fnit,
948 855 1067 909 struere
1079 868 1144 911 ma·

99 940 188 997 aiore
208 939 386 1015 nuptiasque
400 935 528 1017 Domitii,
547 954 635 1015 quem
655 954 689 996 ex
705 935 756 996 Cn.
771 934 964 996 Ahenobarbo
983 946 1144 1019 genuerat,

127 1033 157 1086 et
175 1024 311 1085 Octaviae
331 1024 464 1085 Caesaris
485 1025 561 1085 filiae
580 1024 692 1106 moliri3
714 1024 791 1103 qnod
815 1025 879 1084 sine
899 1023 1009 1085 scelere
1031 1043 1142 1105 perpe·

127 1115 200 1174 trari
217 1130 278 1173 non
295 1106 425 1193 poterat,
447 1115 515 1191 quia
529 1112 561 1173 L.
577 1112 676 1174 Silano
690 1113 887 1191 desponderat
901 1112 1052 1174 Octaviam
1067 1114 1143 1176 Cae·

127 1218 175 1261 sar
196 1203 391 1280 iuvenemque
411 1209 441 1262 et
459 1201 643 1263 abaciacum
659 1203 769 1278 insigni
788 1197 1010 1280 trirmrplralinm
1029 1209 1060 1263 et
1080 1203 1142 1281 gla-

127 1290 246 1350 diatorii
259 1291 391 1350 muneris
405 1291 622 1367 magnificentia
636 1289 800 1369 protulerat
814 1289 851 1350 ad
860 1289 959 1350 studia
967 1288 1055 1368 vulgi.
1087 1293 1143 1352 sed

87 1391 114 1430 10
127 1377 201 1438 nibil
214 1377 339 1439 arduum
354 1378 508 1439 ridebatur
522 1381 553 1439 in
568 1380 670 1440 animo
678 1379 831 1460 principis,
847 1379 896 1438 cui
910 1378 1144 1462 noniudicium,

128 1481 187 1527 non·
201 1466 306 1528 odinm‘
316 1474 380 1528 erat
394 1469 452 1528 nisi
465 1467 558 1528 indita
572 1476 602 1528 et
616 1470 703 1528 iussa.

193 1550 223 1618 4.
241 1554 335 1635 lgitur
348 1555 496 1637 Vitellius,
516 1558 639 1617 nomino·
656 1557 790 1617 censoris
803 1554 925 1615 serviles
942 1555 1073 1616 fallacias
1089 1557 1141 1617 ob-

128 1652 230 1723 tegens
245 1647 506 1724 ingruentiumque
521 1645 914 1723 dominationumprovisor,
934 1660 995 1722 quo
1011 1647 1141 1722 gratiam

127 1734 306 1812 Agrippinae
319 1741 446 1815 peraret,
466 1734 597 1795 consiliis
612 1735 677 1794 eins
691 1733 844 1813 implicari,
864 1732 941 1792 ferre
961 1733 1087 1793 crimina
1109 1736 1141 1794 in

129 1821 274 1902 Silanum,
292 1824 378 1883 cuius
398 1840 467 1883 sane
487 1821 595 1883 deeora
613 1830 643 1883 et
660 1839 769 1900 procax
789 1836 886 1899 soror,
907 1819 990 1881 lunia
1009 1820 1144 1903 Calvina,

101 1923 114 1962 5
128 1909 208 1971 band
220 1910 316 1971 multo
328 1918 396 1972 ante
406 1910 513 1972 Vitellii
527 1926 622 1972 nurus
636 1910 740 1972 fuerat.
767 1909 838 1970 binc
846 1910 964 1970 initium
975 1912 1140 1971 accusatio·

128 2000 188 2077 nis3
207 1998 394 2077 fratrumque
405 2017 465 2059 non
479 2002 638 2080 incestum,
657 1997 712 2060 sed
727 1997 939 2060 incustoditum
954 2013 1089 2058 amorem
1102 1998 1139 2059 ad

127 2086 277 2146 infamiam
295 2088 393 2147 traxit.
421 2095 451 2147 et
469 2087 632 2166 praebebat
647 2087 755 2148 Caesar
772 2102 871 2166 aures,
893 2084 1078 2165 accipiendis
1088 2087 1140 2147 ad·

127 2191 232 2234 versus
255 2192 396 2252 generum
420 2175 640 2253 suspicionibus
664 2178 785 2236 caritate
804 2174 880 2234 filiae
901 2176 1074 2254 promptior.
1109 2184 1140 2236 at

128 2261 438 2324 silanusmsidiaoum
449 2266 568 2325 nescius
582 2281 617 2326 ac
631 2265 707 2325 torte
722 2278 847 2324 eoanno
865 2271 993 2342 praetor,
1012 2272 1139 2341 repente

88 2363 114 2402 10
128 2368 181 2429 per
204 2350 333 2411 edietum
357 2350 469 2413 Vitellii
487 2352 591 2414 ordine
614 2355 762 2414 senatorio
784 2359 932 2432 euocetur,
958 2369 1141 2430 quamquam

128 2438 204 2500 lecto
227 2439 343 2519 pridem
367 2448 472 2502 senatu
494 2441 649 2520 lustroque
677 2440 803 2502 condito.
844 2439 937 2501 simul
955 2439 1138 2502 adfinitatem

129 2527 272 2590 Claudius.
282 2529 413 2609 diremit,
424 2529 738 2610 amensquesitnus
748 2531 864 2591 eierare
878 2530 1096 2609 magistratum.
1107 2537 1141 2589 et

128 2616 261 2696 reliquus
275 2626 432 2697 praeturae
447 2618 557 2680 diesin
570 2617 695 2698 Eprium
708 2616 878 2678 Marcellum
892 2617 1026 2678 conlatus
1040 2625 1095 2677 est.

195 2703 224 2766 5.
248 2705 278 2766 C.
293 2706 437 2786 Pompeio·
447 2705 481 2778 Q.
495 2706 621 2768 Veranio
641 2705 817 2769 consulibus
826 2713 948 2784 pactum
959 2708 1036 2766 inter
1051 2703 1141 2767 Clau·

128 2793 211 2853 dium
224 2801 254 2853 et
267 2794 457 2874 Agrippinam
476 2797 697 2857 nratrimonium
715 2797 772 2855 iam
791 2794 882 2875 lema,
897 2797 955 2854 iam
974 2811 1077 2854 amore
1093 2796 1138 2854 in-

127 2881 209 2941 licito
219 2881 404 2964 firmabatur,
415 2884 539 2945 necdum
551 2883 700 2945 celebrare
711 2882 861 2944 sottemrnu
869 2884 1040 2962 nuptiarum
1048 2883 1137 2944 aude·

127 2968 207 3050 bant,
226 2968 306 3029 nullo
326 2971 461 3050 exemplo
474 2971 617 3032 deductae
638 2973 668 3031 in
684 2972 803 3032 domum
818 2974 917 3051 patrui
930 2970 1031 3031 fratris
1044 2969 1143 3032 tiliae:

101 3060 200 3137 5qutn
215 3065 245 3118 et
258 3058 406 3118 incestum
420 3077 469 3139 ac,
487 3061 513 3120 si
532 3067 732 3140 sperneretur,
750 3076 788 3120 ne
806 3062 837 3121 in
856 3059 967 3120 melum
983 3057 1136 3138 publicum

199 3229 225 3297 2,
246 3235 278 3283 11
296 3227 389 3283 Iuliae
403 3230 467 3285 add.
487 3227 658 3284 Freincbeira
674 3231 678 3301 Ι
695 3229 822 3285 claudiae
842 3245 926 3299 quoe,
951 3231 1024 3299 quod
1045 3236 1143 3285 metor

128 3301 270 3356 Androneo
287 3300 410 3356 1444,οώ
429 3298 490 3353 III
510 3314 542 3369 p.
561 3303 642 3354 69n.
664 3302 755 3368 rt1a
774 3300 1137 3370 expertemoyricoza,

128 3368 856 3451 ef.3‚7d,12ld‚1quoeed·.eumoltttetl
886 3341 1135 3441 arsillipperdegi

127 3441 154 3509 4,
173 3447 300 3497 aserere
321 3443 509 3510 Puteolorum!
525 3445 542 3495 4
561 3438 659 3506 ruite
677 3441 766 3496 mutto
784 3456 846 3497 noa
880 3439 989 3552 ppltnm
1005 3445 1008 3508 Ι
1026 3445 1059 3494 14
1077 3456 1138 3494 ma

127 3510 248 3580 gisnacu
264 3511 312 3583 lb,
333 3511 483 3567 iuerenia
498 3514 502 3583 Ι
518 3517 534 3566 3
553 3510 676 3565 audebo*
708 3511 760 3548 1’
746 3513 825 3556 ...a
876 3509 928 3552 lir
992 3526 1142 3567 rosere
