2392 3876
256 183 305 238 AB
323 181 484 239 Excusso
494 181 656 239 aeduum
674 183 732 239 ΧΠ.
754 190 866 241 rs-ar.
1005 185 1068 249 227

63 333 178 412 busque
192 335 257 394 eius
270 331 457 413 provolutus,
476 326 692 394 ‘Mithridates'
710 334 808 411 iuquit
827 328 922 394 ‘terra
937 336 1070 414 marique

63 421 201 482 Romanis
215 440 269 500 per
282 429 327 482 tot
341 437 432 481 anuos
448 423 599 499 quaesitus
614 429 719 500 sponte
735 421 851 483 adsum:
866 429 960 502 utere,
974 430 1008 483 ut
1022 441 1070 482 vo·

63 512 119 590 les,
141 508 225 589 prole
243 511 341 589 magni
359 509 565 589 Achaemenis,
585 509 663 588 quod
684 509 757 571 mibi
776 509 871 570 solum
890 508 991 571 hostes
1009 528 1069 570 nou
1086 527 1110 565 ro

63 594 270 659 abstulerunt?

132 685 180 748 19.
195 689 232 748 At
242 686 381 749 Eunones
391 685 566 748 claritudine
578 688 642 767 viri,
655 689 818 748 mutatione
828 704 929 749 rerum
939 695 969 749 et
981 705 1071 766 prece

63 777 141 837 haud
155 777 296 854 degeneri
310 784 475 857 permotus,
496 774 610 836 adlevat
624 775 788 855 supplicem
802 775 973 856 laudatque,
992 776 1072 856 quod

62 873 180 945 gentem
194 865 368 944 Aorsorum,
388 863 466 942 quod
485 881 569 923 suam
587 864 720 924 dextram
739 864 884 943 petendae
904 867 1003 926 reniae
1022 865 1071 925 de-

63 955 175 1032 legerit.
200 951 288 1013 simul
302 952 413 1030 legatos
428 951 600 1030 litterasque
610 952 646 1012 ad
656 952 810 1014 Caesarem
821 953 940 1015 inhune
950 952 1071 1014 modum

63 1042 166 1101 mittit:
190 1039 291 1118 populi
310 1039 434 1100 Romani
456 1040 699 1120 imperatoribus,
721 1059 895 1121 magnarum
917 1045 1098 1103 nationum:

63 1128 184 1207 regibus
202 1130 326 1207 primam
345 1146 381 1188 ex
401 1127 592 1189 similitudine
617 1129 752 1190 lorturnae
771 1132 946 1210 amicitiam,
966 1130 1072 1192 sibiet

64 1217 184 1278 Claudio
205 1220 292 1278 etiam
311 1218 547 1279 communionem
565 1218 706 1278 victoriae
724 1235 798 1279 esse.
826 1217 970 1280 bellorum
989 1237 1071 1298 egre·

63 1309 126 1386 gios
141 1307 228 1386 fines,
247 1308 384 1385 quotiens
398 1304 579 1384 ignoscendo
592 1307 787 1383 transigatur:
806 1308 849 1367 sic
863 1305 979 1368 Zorsini
994 1310 1081 1368 vieto·

64 1394 137 1455 nihil
155 1403 299 1473 ereptum.
335 1412 391 1474 pro
408 1392 590 1474 Mithridate,
614 1394 732 1472 quando
755 1397 873 1472 gravius
896 1402 1071 1475 mereretur,

63 1501 122 1543 uon
136 1485 297 1562 potentiam
311 1501 408 1562 neque
422 1499 547 1562 regnum
562 1484 692 1562 precari,
711 1482 763 1542 sed
783 1500 819 1543 ue
836 1482 1071 1561 triumpharetur
1086 1497 1112 1538 1⁰

63 1589 136 1632 neve
151 1589 262 1650 poenas
276 1573 371 1650 capite
386 1570 575 1649 expenderet.

130 1657 182 1722 20.
200 1661 238 1721 At
251 1658 402 1742 Claudius,
422 1677 598 1738 quamquam
618 1658 820 1720 nobilitatibus
838 1662 969 1721 externis
982 1662 1072 1742 mitis,

63 1748 208 1811 dubitavit
225 1757 337 1830 tamem
355 1751 490 1827 accipere
505 1749 652 1826 captivum
666 1756 752 1827 pacto
767 1747 871 1809 salutis
885 1766 922 1809 an
935 1756 1072 1827 repetere

64 1840 153 1899 armis
168 1839 281 1921 rectius
294 1837 379 1898 foret.
407 1836 475 1898 hinc
487 1836 571 1898 dolor
584 1838 761 1899 iniuriarum
776 1845 807 1897 et
820 1837 911 1898 libido
927 1838 1071 1899 vindictae

63 1926 210 2007 adigebat:
230 1926 281 1998 sed
295 1925 497 1988 disserebatur
511 1932 614 1988 contra
628 1927 741 2004 suscipi
753 1924 864 1987 bellum
878 1927 942 1986 ario
956 1928 1071 2006 itinere,

63 2019 236 2095 inportuoso
258 2018 345 2093 mari;
365 2015 401 2075 ad
422 2015 479 2074 hoc
499 2032 585 2093 reges
606 2013 733 2095 feroces,
754 2031 843 2093 vagos
864 2014 1002 2095 populos,
1026 2026 1098 2076 sot
1175 2080 1183 2098 ⁵,

63 2106 124 2166 lum
138 2105 258 2184 frugum
271 2122 407 2184 egenum,
421 2103 551 2164 taedium
567 2120 603 2164 ex
617 2121 707 2184 mora,
720 2102 851 2182 pericula
866 2122 902 2164 ex
912 2121 1071 2183 properan-

63 2196 117 2274 tia,
135 2195 280 2254 modicam
298 2192 460 2254 victoribus
479 2192 595 2253 laudern
610 2210 643 2254 ac
657 2191 784 2254 multum
802 2192 948 2273 infamiae,
968 2195 995 2254 si
1011 2192 1072 2272 pel·

63 2282 204 2342 leuentur.
233 2284 305 2360 quin
323 2283 469 2360 arriperet
482 2280 579 2342 oblata
593 2289 624 2342 et
638 2289 769 2342 servaret
783 2280 912 2362 exulem,
927 2283 977 2342 cui
990 2284 1072 2360 inopi

64 2379 174 2449 quanto
193 2370 356 2449 longiorem
374 2372 476 2450 vitam,
494 2377 576 2430 tanto
595 2368 662 2447 plus
681 2368 819 2448 supplicii
837 2371 909 2430 lore.
941 2369 988 2430 bis
1005 2387 1072 2448 per·

64 2467 162 2521 motus
180 2461 300 2537 scripsit
318 2457 447 2538 numm,
465 2459 605 2518 meritum
624 2457 744 2536 quidem
762 2458 920 2518 norissima
938 2457 1112 2536 exemplato

64 2546 277 2626 Mithridatem,
299 2564 355 2607 nee
378 2544 436 2606 sibi
458 2547 516 2605 rim
535 2544 571 2604 ad
590 2544 810 2623 exsequendum
829 2545 946 2606 deesse:
969 2562 1072 2605 rerum

65 2638 105 2695 ita
124 2634 286 2696 maioribus
304 2633 459 2713 placitum,
482 2639 590 2712 quanta
608 2635 773 2711 pervicacia
787 2635 819 2693 iu
837 2632 968 2713 hostem,
991 2640 1072 2694 tanta

65 2723 260 2783 benellcentia
273 2722 414 2783 adversus
429 2721 578 2800 supphees
598 2720 754 2802 utendum3
772 2739 840 2781 nam
854 2720 1021 2800 triumphos
1035 2722 1072 2782 de

55 2811 181 2892 populis
196 2812 355 2889 regnisque
368 2812 492 2890 integris
506 2810 629 2890 acquiri.

132 2897 183 2962 21.
202 2898 342 2982 Traditus
359 2899 482 2979 posthac
496 2897 682 2961 Mithridates
700 2905 862 2979 vectusque
877 2897 999 2960 Romam
1018 2916 1073 2977 per

64 2990 182 3051 lunium
196 2987 340 3069 Cilonem,
354 2997 577 3067 procuratorem
592 2988 686 3067 Ponti,
701 2987 830 3050 ferocius
844 3005 932 3067 quarn
945 3007 1000 3068 pro
1015 2983 1073 3048 lor-

63 3087 135 3139 tnna
149 3078 326 3139 disseruisse
340 3078 418 3158 apud
433 3076 588 3139 Caesarem
603 3076 768 3158 serebatur,
789 3076 923 3156 elataque
938 3095 992 3138 vox
1008 3079 1073 3136 eius

63 3171 94 3228 in
108 3167 229 3248 vulgum
242 3166 325 3228 hisce
339 3165 450 3228 verbis:
470 3162 545 3227 ‘non
559 3184 625 3228 sum
640 3167 783 3227 remissus
796 3166 832 3227 ad
848 3174 889 3245 te,
909 3165 962 3226 sed
976 3183 1073 3225 rever·

135 3319 180 3387 ru,
200 3327 216 3376 d
233 3318 356 3389 primum
373 3318 464 3375 uiue
479 3322 483 3389 Ι
499 3319 545 3387 20,
564 3325 579 3374 3
598 3317 678 3391 hinc]
696 3317 751 3372 huc
770 3319 903 3388 Lipsius!
920 3323 936 3372 d
955 3332 1074 3386 egenum

63 3390 207 3460 Agricola:
236 3393 369 3461 egentum
394 3394 490 3462 (egens
513 3395 574 3444 tum
592 3392 671 3459 corr.)
688 3392 726 3460 18
745 3388 791 3443 cui
811 3389 915 3444 Puteol.
935 3388 1004 3457 quin
1019 3392 1023 3456 Ι
1041 3393 1073 3441 12

63 3461 174 3515 boetem
191 3462 274 3516 mute
291 3461 431 3519 Muretus:
451 3462 504 3516 boc
522 3462 663 3530 temptata
677 3462 683 3531 1
698 3460 743 3526 21,
763 3467 776 3515 1
795 3474 876 3514 roma
891 3467 895 3530 1
912 3466 927 3514 2
947 3458 1074 3514 colonam

63 3538 89 3588 et
108 3536 123 3586 7
142 3529 243 3601 coloni,
261 3548 310 3590 em.
329 3533 495 3604 Lipsius-ex
513 3532 604 3588 Dione
622 3535 667 3600 60,
685 3534 722 3586 33
738 3535 742 3600 ι
758 3536 775 3585 t
793 3530 894 3600 vulgus
912 3529 1004 3587 Rittcr

807 3619 861 3674 15*
