2408 3870
114 182 179 247 184
463 177 632 234 CORNELII
649 177 768 234 raom

112 329 204 392 liandi
222 329 328 409 patris,
347 346 445 409 neque
463 328 494 390 id
513 335 638 408 temere,
657 326 708 388 sed
728 270 843 387 sublbto
856 344 976 388 murrae
990 327 1122 406 pondere

113 425 315 496 temptatoque
329 435 383 497 per
396 415 519 496 longum
531 416 602 495 iter,
620 414 673 475 ubi
691 417 860 495 perorari,
877 433 931 494 par
949 418 1061 476 meatui
1075 419 1123 496 sit,

113 506 214 569 subire
232 507 362 585 patrium
381 522 491 584 corpus
508 507 599 582 inque
613 501 691 564 Solis
709 520 789 563 aram
803 503 937 582 perferre
951 511 1040 582 atque
1054 504 1123 565 ado·

112 595 182 657 lere.
223 595 296 656 haec
319 596 433 655 incerta
455 600 486 654 et
508 590 649 652 sabulosis
672 599 770 653 aucta:
800 598 933 654 ceterum
955 593 1050 672 aspici
1072 591 1122 653 ali·

72 700 99 742 rs
113 683 231 763 quando
245 685 276 742 in
291 683 421 761 Aegypto
436 698 501 741 eam
514 679 665 741 volucrem
678 697 737 740 nou
751 678 918 758 ambigitur.

179 769 231 833 29.
254 770 292 831 ht
309 769 419 830 Romae
438 769 527 829 caede
546 769 686 829 continua
704 767 885 847 Pomponius
903 768 1015 850 habeb,
1033 787 1123 848 quem

113 861 277 940 praefuisse
300 857 427 918 Moesiae
451 855 567 937 rettuli,
592 873 646 934 per
668 855 809 936 abruptas
832 874 922 918 renas
946 860 1123 936 sanguinem

113 948 230 1028 elindit3
258 945 461 1025 aemulataque
489 952 535 1005 ast
559 945 688 1005 coniunx
713 943 834 1006 Paxaea.
879 963 947 1006 nam
969 954 1123 1026 promptas

113 1038 179 1096 eius
196 1033 277 1095 modi
294 1042 406 1095 mortes
423 1041 523 1094 metus
539 1032 688 1093 carnificis
706 1032 844 1114 iaciebat,
862 1041 892 1095 et
911 1037 979 1113 quia
993 1034 1123 1096 damnati

87 1122 272 1204 spublicatis
288 1122 375 1184 bonis
389 1121 542 1201 sepultura
554 1119 801 1201 prohibebantur,
822 1138 939 1202 eornm,
960 1124 1013 1201 qui
1032 1122 1070 1184 da
1091 1141 1125 1184 se

115 1211 296 1291 statuebant,
314 1210 513 1271 humabantur
527 1227 665 1289 corpora,
683 1208 841 1270 manebant
853 1217 1042 1290 testamenta,
1058 1228 1124 1290 pre·

115 1304 190 1362 burn
207 1299 374 1361 festinandi.
402 1299 454 1360 sed
469 1298 576 1360 Caesar
589 1299 689 1358 missis
702 1297 738 1358 ad
754 1306 890 1359 senatum
908 1297 1016 1359 litteris
1030 1299 1124 1360 disse·

115 1391 175 1450 ruit
188 1406 301 1449 morem
320 1387 411 1448 luisse
429 1386 603 1466 maioribus,
623 1388 760 1465 quotiens
779 1387 953 1448 dirimerent
969 1389 1125 1467 amicitias,

114 1477 293 1539 interdicere
308 1476 394 1537 domo
412 1493 540 1554 eumque
558 1475 648 1535 linem
665 1476 777 1553 gratiae
795 1492 920 1553 ponere:
938 1474 969 1536 id
988 1492 1021 1536 se
1039 1493 1125 1555 repc-

75 1585 100 1623 10
114 1569 215 1628 tirisoe
229 1566 260 1626 in
274 1564 423 1644 Labeone,
437 1571 526 1642 atque
539 1562 636 1643 illum,
650 1564 718 1641 quia
732 1562 807 1623 male
821 1563 1042 1625 administratae
1057 1580 1123 1643 pro·

115 1656 227 1715 vinciae
241 1652 425 1731 aliorumque
439 1653 598 1712 criminum
611 1649 804 1732 arguebatur,
822 1651 939 1730 culpam
952 1652 1063 1713 invidia
1077 1671 1124 1713 re·

113 1743 233 1821 lavisse,
251 1741 362 1802 trustra
381 1741 544 1802 conterrita
561 1757 667 1819 uxore,
690 1757 779 1818 quam
797 1742 855 1802 etsi
872 1747 1029 1801 nocentem
1046 1743 1123 1820 peri·

115 1831 175 1893 culi
188 1837 286 1890 tamen
301 1836 452 1909 expertem
467 1828 568 1890 luisse.
594 1827 759 1889 Mamercus
773 1828 842 1889 dein
857 1828 988 1890 Scaurus
1002 1846 1125 1890 rursum

114 1918 295 2000 postulatur,
314 1918 439 1996 insignis
453 1916 606 1977 nobilitate
621 1924 651 1976 et
665 1916 784 1977 orandis
798 1919 909 1998 causis,
928 1919 987 1978 vita
1000 1917 1125 1997 probro·

74 2024 101 2066 rs
115 2025 175 2069 sus.
202 2005 276 2067 nihil
289 2005 369 2066 hune
383 2007 512 2066 amicitia
527 2004 639 2085 Seiani,
654 2004 705 2065 sed
720 2003 858 2066 labefecit
870 2003 949 2066 haud
963 2007 1064 2067 minus
1077 2024 1125 2066 ra-

113 2095 206 2156 lidum
220 2093 257 2155 ad
271 2096 360 2155 exitia
374 2092 520 2154 Macronis
539 2093 653 2173 odium,
672 2094 724 2171 qui
743 2093 861 2154 easdem
878 2102 959 2156 artes
977 2094 1126 2155 occultius

114 2181 285 2262 exercebat3
312 2180 518 2260 detuleratque
543 2189 750 2259 argumentum
775 2181 944 2260 tragoediae
968 2200 985 2242 a
1010 2181 1126 2243 Scauro

114 2273 252 2351 scriptae,
266 2270 373 2331 additis
383 2268 528 2350 versibus,
538 2271 589 2348 qui
598 2271 630 2329 in
639 2268 792 2331 'liberium
801 2269 1007 2331 flecterentur:
1021 2288 1124 2332 verum

115 2359 152 2421 ab
167 2358 290 2420 Servilio
306 2365 335 2419 et
349 2357 485 2420 Cornelio
499 2356 722 2419 accusatoribus
741 2357 920 2419 adulterium
932 2357 1047 2438 Liviae,
1065 2376 1124 2419 ma·

121 2465 221 2528 gerum
240 2464 323 2508 sacra
341 2445 573 2508 obiectabantur.
610 2446 753 2527 Scaurus,
775 2455 810 2507 ut
831 2446 955 2524 dignum
972 2446 1126 2508 veteribus

114 2536 259 2617 Aemiliis,
278 2536 495 2596 damnationem
513 2536 629 2615 anteiit,
647 2535 784 2595 hortante
804 2533 904 2596 Sextia
922 2552 1029 2617 uxore,
1048 2553 1126 2616 quaa

113 2627 339 2688 incitamentum
352 2627 457 2685 mortis
472 2631 502 2685 et
515 2626 664 2703 particeps
678 2623 742 2683 luit.

182 2710 234 2774 30.
257 2713 298 2773 Ac
318 2719 416 2772 tamen
435 2719 636 2793 accusatores,
655 2713 681 2772 si
699 2710 823 2772 lacultas
841 2711 1001 2791 incideret,
1018 2713 1125 2790 poenis

115 2800 341 2880 adiciebantur,
364 2808 398 2862 ut
417 2800 560 2861 Servilius
579 2798 793 2878 Corneliusque
816 2800 932 2878 perdito
952 2798 1066 2860 Scauro
1085 2800 1125 2859 ia·

115 2890 205 2969 mosi,
228 2890 296 2967 quia
319 2891 476 2966 pecuniam
498 2907 515 2949 a
533 2887 619 2949 Vario
639 2888 748 2966 Ligure
770 2888 949 2949 omittendae
967 2887 1127 2949 delationis

116 2983 270 3057 ceperant,
288 2978 319 3035 in
338 2975 449 3037 insulas
467 2977 626 3037 interdicto
644 2978 707 3054 igni
725 2983 813 3056 atquo
831 2994 908 3055 aqua
921 2976 1033 3038 demoti
1046 2983 1125 3037 sunt.

74 3078 89 3122 a
116 3073 146 3127 at
160 3064 293 3126 Abudius
311 3063 392 3125 Ruso
411 3064 532 3126 iunctus
550 3064 711 3144 aedilitate,
730 3064 800 3125 dum
819 3063 944 3126 Lentulo
963 3063 1126 3144 Gaetulico,

117 3153 173 3217 sub
192 3172 251 3234 quo
268 3151 378 3232 legioni
394 3153 576 3233 praefuerat,
595 3151 762 3231 periculum
780 3153 912 3233 lacessit,
932 3152 1011 3233 quod
1028 3154 1056 3213 is
1075 3151 1126 3213 Se·

116 3244 177 3305 iani
190 3243 288 3328 ¹filium
306 3259 449 3320 generum
467 3241 656 3322 destinasset,
676 3239 754 3302 ultro
773 3241 929 3302 damnatur
947 3248 1037 3322 atque
1050 3239 1126 3301 urbe

188 3376 234 3444 29,
254 3383 285 3431 11
307 3375 478 3445 arguebatur
495 3375 622 3431 Ernesti:
641 3374 804 3446 urgebatur,
823 3375 858 3442 cf.
877 3373 982 3430 Horati
994 3373 1073 3430 ΒΜ.
1088 3389 1126 3428 er.

117 3453 144 3516 1,
158 3452 197 3504 88
211 3450 216 3516 Ι
232 3454 264 3502 21
276 3446 379 3501 anteiit
391 3462 453 3502 noa:
468 3445 559 3501 anteit
574 3452 579 3516 Ι
594 3446 727 3501 hortante
740 3443 837 3501 Sextia
849 3443 889 3500 Ia·
906 3446 977 3500 uuaz
995 3445 1127 3500 hortante

117 3516 205 3573 axitia
231 3518 268 3588 (h.
295 3515 414 3573 Sextilia
434 3517 566 3588 Waltlrer)
590 3520 595 3586 1
620 3517 667 3585 to,
686 3523 703 3572 t
720 3514 857 3570 delationi
905 3516 1009 3572 auara
