2408 3870
114 179 178 243 142
466 178 637 233 CORNELII
655 178 775 234 Taciti

112 328 246 407 spicandi
259 329 353 407 gratia
367 327 498 389 tribunal
511 330 688 409 ingressum,
703 327 808 388 adierit
822 326 1003 407 Calpurnius
1019 329 1127 390 Salvia-

111 433 169 476 nus
192 419 222 476 in
238 416 360 477 Sextum
381 416 517 476 Marium:
541 416 621 495 quod
641 434 658 476 a
677 415 801 477 Caesare
824 415 919 494 palam
943 419 1128 497 increpitum

84 517 200 566 acausa
218 504 299 566 exilii
318 505 452 565 Salviano
471 504 534 566 luit.
568 503 683 565 obiecta
701 505 819 583 publico
838 503 991 584 Cyzicenis
1010 509 1128 568 incuria

111 595 358 655 caerimoniarum
372 594 429 653 divi
443 593 577 672 Augusti,
592 593 700 653 additis
714 593 870 654 violentiae
884 595 1065 656 criminibus
1081 597 1129 658 ad·

110 700 229 743 versum
248 684 328 743 cives
346 680 502 741 Romanos.
538 688 569 741 et
589 684 714 741 amisere
733 681 913 763 libertatem,
937 700 1029 761 quam
1049 684 1128 745 bello

110 761 288 830 Mithridatis
303 776 482 848 meruerant,
503 771 694 829 circumsessi
707 788 762 831 nec
777 773 876 831 minus
889 788 944 831 sua
957 776 1128 834 constantia

111 876 199 937 quam
213 858 361 936 praesidio
375 856 491 918 Luculli
512 857 598 935 pulso
617 875 695 936 rege.
728 865 758 920 at
776 857 918 919 Fonteius
933 857 1053 942 Capito,
1077 865 1128 942 qui

72 962 97 1002 1o
110 964 165 1025 pro
184 945 306 1006 consule
325 945 424 1005 Asiam
444 954 610 1025 curaverat,
631 945 809 1028 absolvitur,
834 956 977 1025 conperto
1002 950 1074 1010 licta
1098 954 1128 1010 in
1159 1017 1161 1021 Α

111 1051 179 1094 eum
198 1035 322 1094 crimina
339 1052 394 1113 per
413 1033 529 1094 Vibium
545 1034 698 1095 Serenum.
730 1053 827 1114 neque
844 1043 943 1096 tamen
965 1036 996 1097 id
1012 1037 1128 1098 Sereno

111 1139 204 1182 norae
218 1122 282 1202 init,
304 1140 393 1201 quem
407 1122 507 1183 odium
521 1122 674 1201 publicum
688 1126 829 1184 tutiorem
845 1124 978 1184 iaciebat.
1008 1143 1081 1187 nam
1095 1136 1128 1188 ut

112 1213 178 1289 quis
206 1211 377 1271 destrictior
403 1219 571 1291 accusator,
598 1211 679 1273 velut
701 1219 908 1274 sacrosanctus
927 1220 1008 1275 erat:
1037 1214 1129 1297 leves,

110 1298 255 1378 ignobiles
268 1302 373 1378 poenis
387 1300 609 1361 adliciebantur.
730 1350 733 1355 .

177 1384 229 1449 37.
248 1387 306 1448 Per
319 1388 397 1449 idem
412 1395 529 1468 tempus
540 1387 679 1467 Hispania
689 1388 814 1450 ulterior
823 1391 922 1450 missis
933 1390 969 1450 ad
986 1402 1127 1454 senatum

110 1475 214 1555 legatis
233 1480 339 1558 oravit,
359 1485 393 1538 ut
411 1476 545 1557 exemplo
559 1478 646 1538 Asiae
664 1477 822 1539 delubrum
836 1477 956 1538 Tiberio
974 1483 1126 1560 matrique

110 1567 175 1626 eius
189 1574 365 1627 exstrueret.
394 1585 451 1646 qua
470 1569 625 1627 occasione
640 1565 760 1646 Caesar,
780 1565 893 1627 validus
911 1567 1024 1646 alioqui
1044 1587 1127 1648 sper-

110 1654 216 1715 nendis
229 1653 393 1716 honoribus
407 1662 438 1715 et
449 1655 688 1732 respondendum
702 1662 785 1715 ratus
799 1657 845 1736 iis,
859 1672 987 1734 quorum
1002 1674 1126 1718 rumore

83 1757 96 1797 a
111 1743 290 1822 arguebatur
307 1745 339 1804 in
357 1741 546 1803 ambitionem
565 1742 694 1822 flexisse,
716 1743 841 1804 huiusce
859 1743 939 1804 modi
959 1748 1126 1807 orationem

110 1835 221 1910 coepit:
240 1828 327 1911 ‘scio,
348 1839 448 1910 patres
466 1834 641 1911 conscripti,
663 1834 858 1892 constantiam
878 1851 974 1893 meam
988 1851 1004 1893 a
1019 1834 1125 1913 pleris-

111 1937 168 1998 que
187 1919 396 1999 desideratam,
418 1919 497 1997 quod
516 1919 601 1979 Asiae
625 1919 793 1981 civitatibus
817 1938 912 1999 nuper
939 1921 1018 1981 idem
1043 1924 1124 1984 istud

110 2007 281 2084 petentibus
299 2025 359 2068 non
379 2009 434 2066 sim
453 2007 633 2069 adversatus.
669 2027 740 2088 ergo
764 2016 794 2069 et
814 2011 924 2088 prioris
943 2009 1056 2072 silentii
1075 2013 1125 2072 de·

111 2095 284 2175 sensionem,
298 2095 408 2174 etquid
423 2097 454 2156 in
465 2095 599 2157 futurum
609 2100 772 2177 statuerim,
787 2097 875 2158 simul
885 2101 1025 2177 aperiam.
1055 2119 1124 2161 cnm

72 2199 97 2240 1o
110 2183 196 2244 divus
210 2183 361 2261 Augustus
375 2183 432 2244 sibi
446 2192 534 2263 atque
551 2184 619 2245 drbi
632 2185 741 2246 Romae
762 2185 905 2265 templum
924 2187 1002 2267 apud
1018 2187 1124 2268 Perga-

111 2290 183 2333 num
206 2273 271 2332 sisti
294 2290 353 2332 non
375 2272 591 2354 prohibuisset,
614 2277 667 2353 qui
689 2277 787 2334 omnia
807 2276 883 2335 facta
900 2274 1039 2355 dictaque
1059 2280 1124 2337 eius

111 2362 174 2421 vice
193 2360 266 2438 legis
285 2360 452 2441 observem,
470 2360 610 2440 placitum
630 2365 688 2422 iam
707 2363 875 2442 exemplum
891 2367 1060 2443 promptius
1080 2383 1124 2426 se·

111 2456 199 2510 cutus
218 2468 296 2530 sum,
316 2452 385 2529 quia
403 2450 497 2510 cultui
516 2469 582 2511 meo
597 2453 747 2511 veneratio
762 2459 883 2514 senatus
898 2452 1123 2532 adiungebator.

111 2548 245 2601 ceterum
263 2547 298 2600 ut
315 2539 406 2599 semel
426 2542 576 2618 recepisse
594 2542 709 2600 veniam
730 2539 876 2622 babuerit,
897 2543 938 2601 ita
952 2559 1056 2603 omnes
1070 2560 1125 2621 per

72 2641 97 2683 15
111 2631 278 2706 provincias
292 2629 388 2706 effigie
399 2631 554 2689 numinum
567 2631 678 2689 sacrari
692 2627 888 2709 ambitiosum,
903 2631 1080 2712 superbum,
1095 2639 1125 2690 et

110 2724 250 2777 vanescet
262 2717 389 2795 Augusti
402 2716 505 2797 bonor,
520 2719 546 2778 si
559 2719 717 2796 promiscis
732 2717 949 2779 adulationibus
964 2715 1123 2799 vulgatur?

177 2802 229 2864 38.
250 2801 322 2883 ‘Ego
337 2824 393 2885 me,
413 2813 514 2884 patres
529 2803 704 2885 conscripti,
727 2805 882 2866 mortalem
900 2823 966 2867 esse
981 2815 1012 2868 et
1030 2808 1124 2868 bomi-

110 2909 183 2952 num
201 2893 298 2952 olficia
317 2893 400 2972 iungi
419 2897 550 2974 satisque
569 2893 691 2974 babere,
710 2895 741 2954 si
760 2893 858 2955 locum
880 2897 1048 2975 principem
1071 2899 1124 2958 im-

110 2980 219 3061 pleam,
240 2988 271 3041 et
290 2998 341 3040 vos
360 2989 455 3042 testor
476 2989 507 3042 et
523 2983 694 3042 meminisse
717 2989 855 3061 posteros
873 2983 952 3064 volo,
976 2987 1029 3064 qui
1052 2987 1125 3046 satis

112 3087 261 3150 superque
275 3071 434 3130 memoriae
444 3088 526 3131 meae
536 3068 678 3150 tribuent,
691 3079 725 3131 ut
734 3071 897 3133 maioribus
908 3074 983 3133 meis
993 3073 1125 3153 dignum,

85 3172 213 3220 ererum
227 3165 393 3219 vestrarum
411 3158 579 3238 providum,
603 3167 787 3220 constantem
806 3162 837 3220 in
855 3160 1012 3242 periculis,
1035 3161 1125 3222 olien-

37 3295 40 3300 .
113 3250 229 3309 sionum
243 3266 298 3327 pro
312 3246 440 3308 utilitate
454 3246 573 3326 publica
586 3265 646 3307 non
659 3249 798 3328 pavidum
808 3249 941 3311 credant.
969 3250 1042 3310 haec
1052 3250 1126 3310 mihi

182 3383 228 3450 tto,
249 3389 281 3437 13
308 3381 463 3437 districtior
482 3383 645 3451 Beroaldus,
673 3390 703 3440 ot
720 3401 743 3440 o.
762 3385 862 3439 nos-io
880 3383 917 3439 N.
936 3383 1012 3440 Am.
1027 3385 1125 3454 philol.

111 3455 162 3508 ool.
183 3458 226 3522 56,
247 3457 303 3522 371
319 3455 365 3522 bi,
386 3460 418 3508 11
437 3453 523 3524 ficte!
540 3459 575 3508 14
600 3469 695 3509 omnes
718 3469 769 3524 per
787 3455 960 3527 Nippoedeyz
986 3469 1039 3526 per
1066 3453 1126 3510 orba

111 3538 163 3592 per
182 3526 242 3592 (per
261 3540 356 3579 omnes
376 3529 469 3596 autea)
485 3527 490 3595 Ι
509 3529 540 3580 16
561 3524 666 3579 sacrari
684 3525 811 3595 IApes'ata:
833 3540 914 3580 sacra
