2392 3876
303 177 351 230 AB
371 175 531 245 Excusso
548 174 704 231 AUGUSTI
721 176 766 232 XI.
788 183 866 260 ¹74·
1034 179 1100 243 199

89 325 270 386 adulterium
291 323 456 404 Poppaeae,
481 332 663 403 postremum
688 324 842 387 mollitiam
865 329 999 405 corporis
1022 328 1101 388 obie-

89 422 198 481 ctante.
235 413 271 474 ad
295 413 374 492 quod
392 414 469 473 vieto
489 412 605 473 silentio
624 415 761 492 prorupit
780 432 849 474 reus
869 422 899 474 et
919 411 1099 495 ‘interroga’
1128 430 1142 469 5

89 505 201 582 iuquit,
225 498 340 581 ‘Suilli,
363 500 440 561 tilios
458 508 540 562 tuos:
563 503 660 561 virum
679 519 744 562 esse
762 520 809 562 me
829 500 1020 564 fatebuntur?
1056 506 1100 564 in-

89 609 271 670 gressusque
286 590 500 669 defensionem,
519 598 666 650 commote
680 592 823 651 maiorem
836 593 867 651 in
881 591 1002 652 modum
1017 592 1101 653 Clau-

88 681 153 760 dio,
176 679 349 739 Messalinae
372 695 490 756 quoque
513 675 648 738 lacrimas
667 680 783 738 excivit.
821 678 929 758 quibus
948 679 1101 741 abluendis
1179 683 1181 689 '

89 766 228 830 cubiculo
248 767 403 846 egrediens
421 773 523 826 monet
540 764 702 846 Vitellium,
721 784 758 826 ne
778 766 856 828 elabi
871 786 957 828 reum
975 771 1101 832 sineret:

90 861 156 936 ipsa
169 855 205 916 ad
219 857 383 933 perniciem
395 853 547 933 Poppaeae
562 854 690 934 festinat,
709 855 836 916 subditis
851 858 903 934 qui
913 865 1028 918 terrore
1039 877 1100 918 car·
1116 889 1142 928 10

92 947 170 1005 ceris
184 944 219 1003 ad
235 943 430 1002 voluntariam
447 952 573 1002 mortem
591 941 804 1023 propellerent,
823 945 895 1004 adeo
914 947 1016 1023 ignaro
1032 945 1119 1006 Cae·

92 1051 171 1111 sare,
194 1039 229 1092 ut
246 1048 356 1109 paucos
373 1037 441 1108 post
459 1029 522 1089 dies
542 1031 710 1109 epulantem
728 1033 806 1110 apud
825 1050 857 1093 se
874 1035 1014 1105 maritum
1037 1037 1101 1095 eius

93 1122 262 1199 Scipionem
275 1125 515 1199 percontaretur,
534 1135 588 1179 eur
602 1120 665 1179 sine
680 1137 771 1179 uxore
786 1121 999 1204 discubuisset,
1014 1130 1101 1201 atque

90 1212 141 1272 ille
155 1210 287 1269 functam
302 1207 360 1268 lato
376 1205 579 1284 responderet.

157 1295 186 1359 3.
212 1296 271 1356 Sed
293 1294 473 1356 consultanti
496 1312 586 1372 super
610 1293 794 1356 absolutione
818 1296 939 1358 Asiatici
961 1298 1037 1359 flens
1055 1299 1101 1360 Vi·

91 1385 204 1464 tellius,
232 1389 459 1445 commemorata
482 1390 628 1443 vetustate
657 1385 802 1444 amicitiae
829 1392 922 1462 utque
945 1385 1102 1448 Antoniam

92 1476 236 1553 principis
250 1480 374 1532 matrem
388 1473 500 1549 pariter
515 1470 759 1552 observavissent,
773 1472 844 1531 dein
856 1477 1007 1550 percursis
1021 1474 1102 1534 Asia-

90 1565 145 1623 tici
163 1564 272 1621 iurem
290 1558 438 1638 publicam
453 1559 558 1618 officiis
577 1561 749 1637 recentique
764 1558 905 1620 adversus
920 1560 1103 1622 Britanniam

92 1650 209 1728 militia,
229 1665 363 1728 quaeque
382 1647 438 1707 alia
457 1647 656 1707 conciliandae
675 1647 896 1708 misericordiae
917 1649 1129 1731 videbantur,5

92 1738 219 1799 liberum
237 1738 342 1796 mortis
356 1735 512 1796 arbitrium
527 1737 555 1796 ei
568 1737 716 1817 permisit3
735 1743 765 1796 et
784 1744 886 1798 secuta
904 1746 974 1797 sunt
989 1737 1104 1800 Claudii

92 1826 182 1887 verba
196 1828 228 1886 in
242 1823 366 1885 eandem
379 1823 573 1884 clementiam.
600 1821 789 1897 hortantibus
803 1823 911 1886 dehinc
926 1826 1104 1904 quibusdam

90 1915 220 1974 inediam
235 1921 264 1974 et
278 1912 374 1972 lenem
389 1915 513 1993 exitum,
532 1914 684 1972 remittere
697 1911 875 1974 beneficium
889 1914 1035 1976 Asiaticus
1049 1918 1103 1977 ait:

89 2011 123 2064 et
140 2003 291 2080 usurpatis
315 2000 423 2079 quibus
446 2001 912 2083 insueveratexercitationibus,
936 2002 1015 2064 lauto
1039 2023 1103 2065 eor·

92 2110 173 2171 pore,
187 2091 281 2150 hilare
296 2088 444 2169 epulatus,
459 2107 532 2151 cum
541 2107 573 2149 se
588 2088 743 2150 honestius
757 2089 916 2152 calliditate
930 2090 1043 2153 Tiberii
1056 2092 1103 2153 vel
1117 2124 1144 2162 10

91 2183 205 2257 impetu
224 2178 277 2238 Gai
295 2177 428 2238 Caesaris
445 2180 613 2255 periturum
632 2178 767 2258 dixisset,
782 2196 879 2257 quam
902 2179 981 2258 quod
1000 2181 1102 2241 fraude

93 2267 231 2329 muliebri
245 2274 275 2327 et
288 2266 428 2344 inpudico
439 2264 548 2326 Vitellii
562 2283 613 2326 ore
629 2266 760 2346 caderet,
779 2268 874 2327 venas·
883 2267 1020 2349 exsolvit,
1040 2271 1102 2329 viso

92 2364 191 2417 tamen
205 2362 273 2416 ante
286 2372 360 2433 rogo
373 2356 513 2433 iussoque
528 2353 684 2415 transferri
697 2362 812 2432 partem
827 2357 857 2414 iu
872 2354 966 2436 aliam,
984 2375 1020 2416 ne
1035 2376 1104 2436 opa-

91 2448 167 2505 citas
177 2442 316 2504 arborum
326 2459 433 2521 vapore
444 2444 520 2519 ignis
536 2444 734 2503 minueretur:
748 2449 863 2504 tantum
876 2443 921 2504 illi
934 2447 1104 2506 securitatis

92 2534 270 2593 novissimae
284 2531 348 2591 luit.
1118 2563 1144 2604 15

158 2618 189 2680 4.
204 2617 351 2679 Vocantur
369 2617 527 2697 posthaec
545 2626 657 2697 patres,
675 2621 833 2698 pergitque
853 2618 975 2679 Suillius
995 2619 1102 2680 addere

92 2726 161 2768 reos
179 2709 295 2785 equites
309 2706 456 2768 Romanos
470 2706 625 2786 inlustres,
641 2706 749 2785 quibus
763 2707 852 2767 Petra
866 2716 1104 2785 cognomentum.

92 2803 124 2855 at
142 2813 230 2856 eausa
248 2797 329 2855 necis
349 2814 385 2855 ex
404 2814 453 2876 eo,
472 2794 550 2874 quod
569 2794 689 2855 domum
707 2812 790 2855 suam
804 2794 961 2857 Mnesteris
981 2804 1010 2857 et
1029 2796 1103 2876 Pop·

92 2901 182 2963 paeae
201 2883 411 2962 congressibus
429 2882 645 2962 praebuissent.
683 2901 786 2945 verum
806 2891 969 2946 nocturnae
994 2887 1103 2964 quietis

90 2974 208 3050 speeies
221 2971 308 3033 alteri
321 2970 448 3052 obieeta,
466 2980 616 3051 tamquam
633 2971 756 3032 vidisset
770 2971 924 3034 Claudium
942 2976 1041 3052 spicea
1055 2992 1103 3034 co·
1119 3005 1131 3044 5

93 3078 166 3122 rona
180 3063 338 3140 evinctum,
354 3063 444 3139 spicis
458 3068 540 3121 retro
556 3062 714 3142 conversis,
730 3079 822 3140 eaque
836 3063 964 3140 imagine
978 3064 1103 3140 gravita-

64 3161 66 3165 ·
90 3157 153 3210 tem
162 3167 295 3210 annonae
303 3149 508 3227 praedixisset.
527 3148 646 3227 quidam
656 3151 843 3228 pampineam
851 3167 990 3210 eoronam
1005 3149 1103 3210 alben·

162 3301 189 3369 2,
208 3307 226 3355 4
243 3300 390 3370 Poppaeae
408 3300 469 3355 dae.
491 3299 658 3356 Gronmius:
678 3317 772 3371 poppe
791 3317 824 3354 ee
840 3303 844 3369 Ι
859 3302 1001 3370 postremo
1025 3302 1105 3356 malit

95 3371 221 3442 Wo'lfttbt
243 3373 342 3427 Pbe‘tol.
365 3374 413 3437 2⁷,
432 3374 486 3424 119
501 3372 506 3439 Ι
523 3375 556 3425 10
579 3369 728 3441 subditos}
746 3377 779 3426 14
797 3370 943 3440 respondit
960 3371 1077 3426 Ernesti
1096 3371 1101 3442 l

88 3441 117 3509 8,
137 3449 153 3497 3
171 3440 283 3511 percuti
298 3444 303 3512 Ι
320 3449 352 3496 15
375 3439 528 3495 nouissime
543 3442 548 3509 Ι
563 3440 591 3508 4,
616 3447 630 3495 1
653 3457 736 3510 agere
759 3457 822 3496 reos
842 3443 971 3497 Monotes
986 3443 991 3511 Ι
1008 3449 1023 3496 3
1045 3442 1102 3514 [ab]

88 3514 247 3581 Acidaliae,
266 3529 299 3568 ac
317 3513 440 3584 Rpelrt'us
455 3515 459 3581 Ι
477 3518 492 3566 7
510 3510 697 3580 praedixisset
715 3511 878 3568 Rhenanus:
898 3510 1015 3566 dixisset
