2392 3876
71 197 75 205 '
110 178 130 241 2
151 224 157 234 .
455 178 627 234 CORNELII
646 178 766 235 rudini

109 324 269 405 populique
289 328 413 404 imperio
432 325 469 385 ob
487 328 648 386 certamina
666 330 832 404 potentium
846 337 876 389 et
894 333 1046 392 avaritiam
1060 351 1118 394 ma·

109 416 295 494 gistratuum,
314 414 440 474 invalido
459 413 557 492 legum
578 414 694 495 auxilio,
714 433 789 493 quae
808 419 845 497 vi,
864 418 985 500 ambitu,
1003 429 1118 499 postre-

70 515 95 555 15
109 520 157 562 mo
171 504 297 580 pecunia
312 500 516 562 turbabantur.

176 588 205 651 3.
221 589 359 650 Ceterum
369 591 520 667 Augustus
531 588 661 650 subsidia
676 591 870 653 dominationi
879 594 1033 656 Claudium
1044 595 1119 656 Mar-

110 678 216 739 cellum
237 680 348 739 sororis
370 677 462 737 lilium
481 678 639 738 admodum
657 679 876 742 adulescentem
895 684 1071 760 pontificatu
1090 694 1120 745 et

110 767 208 827 curuli
221 766 378 845 aedilitate,
392 764 429 824 bl.
444 767 611 847 Agrippam,
626 765 784 845 ignobilem
799 767 871 847 loco,
889 769 999 830 bonum
1014 771 1120 833 militia

110 863 139 915 et
154 856 293 915 victoriae
309 856 430 933 socium,
449 856 604 932 geminatis
624 856 826 916 consulatibus
845 857 962 938 extulit,
982 876 1050 918 mox
1070 860 1120 920 de·

83 955 95 995 ⁵
110 941 354 1003 functolliarcello
364 959 505 1019 generum
516 944 656 1022 sumpsit;
670 943 821 1005 Tiberium
831 943 978 1005 Neronem
994 955 1024 1006 et
1034 946 1119 1008 Clau·

109 1031 192 1090 dium
201 1030 330 1090 Drusum
344 1011 495 1108 privi'gnos
510 1033 708 1108 imperatoriis
720 1032 888 1092 nominibus
898 1036 988 1113 auxit,
1003 1035 1121 1112 integra

110 1121 197 1179 etiam
212 1125 275 1178 tum
289 1118 376 1178 domo
391 1135 452 1177 sua.
481 1136 548 1178 nam
563 1120 678 1193 genitos
688 1119 815 1197 Agrippa
826 1120 930 1181 Gaium
944 1140 978 1181 ac
992 1121 1120 1183 Lucium
1136 1100 1162 1269 ὅ

109 1209 141 1267 in
155 1205 293 1266 familiam
307 1205 465 1266 Caesarum
480 1206 645 1284 induxerat,
662 1206 787 1266 necdum
803 1210 898 1284 posita
912 1209 1022 1286 puerili
1035 1229 1120 1288 prae-

109 1301 189 1356 texta
203 1297 353 1374 principes
368 1295 529 1355 iuventutis
544 1293 693 1374 appellari,
710 1294 852 1355 destinari
866 1297 1004 1358 consules
1019 1301 1120 1375 specie

70 1397 96 1436 10
110 1385 275 1444 recusantis
294 1383 518 1460 flagrantissime
538 1384 698 1460 cupiverat.
734 1390 769 1443 ut
781 1383 911 1463 Agrippa
925 1387 984 1445 vita
998 1403 1120 1447 conces·

110 1474 157 1552 sit,
175 1470 301 1532 Lucium
315 1470 469 1532 Caesarem
484 1478 602 1532 euntem
618 1472 653 1532 ad
668 1470 871 1550 Hispaniensis
887 1475 1047 1553 exercitus,
1066 1473 1119 1534 Ga-

109 1562 171 1621 ium
185 1568 365 1637 remeantem
376 1561 513 1620 Armenia
528 1567 558 1621 et
572 1561 693 1621 vulnere
708 1559 867 1621 invalidum
882 1578 962 1620 mors
978 1561 1038 1621 lato
1052 1579 1118 1641 pro-

109 1667 180 1727 pera
201 1648 246 1709 vel
269 1666 413 1708 novercae
436 1647 534 1707 Liviae
558 1648 644 1709 dolus
667 1648 801 1728 abstulit,
823 1648 979 1727 Drusoque
1002 1650 1118 1727 pridem

110 1739 239 1798 extincto
257 1735 335 1796 Nero
355 1734 436 1795 solus
455 1754 471 1794 e
490 1737 633 1812 privignis
657 1745 733 1816 erat,
758 1735 827 1796 illuc
851 1743 957 1796 cuncta
981 1754 1117 1816 vergere:

70 1836 95 1878 1⁵
110 1825 197 1904 illiue,
217 1822 328 1901 collega
346 1824 472 1903 imperii,
490 1839 612 1882 consors
627 1822 802 1882 tribuniciae
821 1825 976 1900 potestatis
991 1824 1118 1886 adsumi·

110 1921 160 1973 tur
170 1914 324 1990 omnisque
340 1929 393 1989 per
404 1912 552 1971 exercitus
563 1916 739 1989 ostentatur,
752 1927 811 1968 non
822 1910 967 1992 obscuris,
980 1920 1015 1972 ut
1025 1921 1118 1991 antea,

109 2002 212 2061 matris
227 1999 349 2079 artibus,
364 1998 416 2058 sed
430 1997 525 2078 palam
539 1996 667 2057 hortatu.
695 2015 762 2057 nam
777 2015 878 2058 senem
888 1999 1057 2078 Augustum
1070 2001 1117 2060 de-

109 2091 243 2148 vinxerat
257 2087 339 2167 adeo,
358 2089 403 2165 uti
416 2094 554 2163 nepotem
568 2086 699 2165 unicum,
713 2086 871 2163 Agrippam
885 2087 1069 2169 Postumum,
1088 2092 1117 2148 in

109 2176 236 2237 insulam
246 2174 408 2235 Planasiam
422 2175 590 2254 proiecerit,
604 2172 709 2233 rudem
724 2191 793 2234 sane
808 2173 952 2236 bonarum
967 2177 1076 2237 artium
1090 2184 1119 2236 ct

70 2279 95 2318 20
110 2266 216 2326 robore
235 2265 369 2343 corporis
388 2262 492 2322 stolide
516 2262 659 2342 lerocem,
682 2261 791 2324 nullius
811 2272 909 2324 tamen
927 2265 1032 2341 flagitii
1051 2282 1117 2325 con·
1160 2315 1162 2321 ,

109 2363 235 2433 pertum.
281 2361 311 2414 at
333 2351 454 2412 hercule
477 2350 684 2412 Germanicum
708 2352 802 2412 Druso
827 2360 925 2412 ortum
949 2359 1015 2412 octo
1040 2352 1117 2430 apud
1136 2346 1162 2423 ’ξ

110 2442 245 2504 Rhenum
263 2440 429 2520 legionibus
443 2438 575 2519 inposuit
589 2439 756 2519 adscirique
770 2459 824 2520 per
839 2440 1025 2518 adoptionem
1040 2459 1057 2499 a
1071 2439 1117 2500 n·

109 2531 193 2592 berio
212 2532 307 2611 iussit,
327 2547 504 2609 quamquam
523 2536 601 2589 esset
619 2530 651 2589 in
669 2529 756 2590 domo
770 2528 882 2587 Tiberii
896 2528 974 2588 tilius
993 2530 1117 2608 iuvenis,

110 2621 160 2681 sed
173 2640 231 2700 quo
245 2618 381 2698 pluribus
392 2618 582 2678 munimentis
594 2618 754 2678 insisteret.
778 2615 887 2675 bellum
899 2634 932 2677 ea
942 2623 1118 2694 tempestate

70 2722 95 2762 25
110 2708 223 2769 nullum
241 2709 299 2768 nisi
318 2708 458 2768 adversus
478 2705 638 2766 Germanos
660 2712 827 2785 supererat,
846 2703 1005 2764 abolendae
1025 2707 1118 2783 magis

110 2798 246 2857 infamiae
261 2795 298 2857 ob
313 2798 453 2857 amissum
463 2813 531 2856 cum
541 2793 684 2864 Quintilio
695 2792 771 2854 Varo
786 2793 949 2853 exercitum
964 2811 1053 2871 quam
1068 2811 1118 2854 cu·

109 2885 209 2964 pidine
223 2885 394 2963 proferendi
407 2885 525 2964 imperii
539 2891 589 2943 aut
599 2883 721 2961 dignum
731 2881 769 2942 ob
779 2882 951 2959 praemium.
980 2880 1059 2940 domi
1070 2898 1118 2940 res
1157 2931 1162 2959 ,

110 2973 298 3053 tranquillae,
326 2974 427 3034 eadem
455 2973 681 3050 magistratuum
709 2967 861 3047 vocabula;
891 2970 1023 3028 iuniores
1123 2962 1161 2997 ‘¹

110 3064 259 3124 Actiacam
277 3062 438 3141 victoriam,
457 3063 545 3121 etiam
564 3077 650 3120 senes
669 3057 803 3137 plerique
822 3058 901 3116 inter
919 3054 1037 3115 bellaci
1103 3069 1106 3085 ²
1159 3087 1162 3131 3

71 3165 96 3204 ³0
111 3154 184 3213 nati:
199 3158 308 3231 quotus
323 3152 449 3229 quisque
464 3149 605 3228 reliquus,
621 3149 748 3226 quirem
763 3143 911 3221 publicam
926 3145 1016 3203 vidiss
1046 3148 1049 3153 '

181 3304 208 3372 e,
229 3309 261 3358 19
279 3302 429 3372 proiecerit
447 3301 551 3356 Ritter:
570 3298 727 3372 proieceret
745 3297 801 3351 eod.
818 3295 959 3350 Lectiones
977 3298 1042 3348 suut
1057 3293 1120 3349 Me·

110 3376 181 3431 dicei
196 3377 292 3443 primi,
311 3391 414 3443 eaeque,
433 3374 532 3441 quibus
549 3373 581 3426 iu
605 3369 650 3422 VI
665 3368 744 3421 libris
759 3367 900 3436 prioribus
918 3380 1015 3419 uomere
1033 3379 1119 3431 euren-

110 3447 216 3501 datorr's
233 3461 290 3500 uon
308 3445 475 3513 adscriptum
489 3449 535 3509 est,
554 3461 572 3497 a
586 3438 724 3496 Beroaldo
737 3443 869 3494 correctae
882 3439 946 3492 suut
962 3436 966 3502 l
981 3439 1016 3488 24
1029 3435 1120 3488 muni·

110 3517 213 3570 mentis
231 3515 358 3585 Lepsios:
377 3512 565 3569 monumentis
