2392 3876
281 239 329 294 AB
347 236 509 294 Excusso
525 237 682 294 AUGUSTI
700 237 734 294 Π.
753 242 866 294 46-50.
1035 237 1077 302 67

70 390 148 451 haud
172 391 271 450 minus
293 396 376 467 grata
399 386 587 467 liberalitate,
611 387 688 466 quod
713 387 789 448 hona
812 387 952 448 Aemiliae
970 387 1079 466 Musae,

71 477 227 557 locupletis
240 479 409 557 intestatae,
429 478 566 555 petitain
580 477 698 556 fiscum,
712 475 835 536 Aemilio
849 475 974 555 Lepido,
987 471 1080 553 [cuius

71 586 87 628 e
107 567 193 627 domo
213 565 376 645 videbatur,
395 573 425 625 et
443 564 559 625 Patulei
577 564 804 643 diritisequitis
823 563 948 625 Romani
965 564 1081 624 heredi·

21 669 23 672 ’
71 663 175 736 tatem,
195 672 373 734 quamquam
386 657 450 732 ipse
468 653 556 713 heres
574 655 605 712 in
624 660 708 732 parte
726 652 889 733 legeretur,
907 653 1029 714 tradidit
1043 652 1107 712 Me

72 743 208 824 Servilio,
233 761 322 822 quem
344 740 495 822 prioribus
518 740 618 820 neque
639 744 786 821 suspectis
809 741 918 802 tabulis
936 744 1082 821 scriptum

72 839 269 911 compererat,
293 831 475 891 nobilitatem
499 832 656 908 utriusque
679 832 805 909 pecunia
823 830 979 891 iuvandam
999 848 1082 908 prae-

71 921 157 982 latus.
186 937 283 998 neque
297 919 493 979 hereditatem
507 920 682 997 cuiusquam
701 918 773 978 adiit
790 920 849 978 nisi
867 936 936 979 cum
954 920 1082 978 amicitia

72 1010 243 1068 meruisset:
267 1010 384 1086 ignotos
408 1017 438 1068 et
461 1007 525 1067 aliis
549 1008 681 1067 infensos
705 1025 799 1086 eoque
823 1008 988 1085 principem
1007 1024 1082 1066 nun-

73 1103 215 1175 cupantes
233 1096 337 1175 procul
356 1095 483 1156 arcebat.
512 1103 644 1156 ceterum
659 1104 693 1156 ut
706 1095 859 1155 honestam
878 1097 1083 1156 innocentium
1097 1109 1123 1149 ιο

72 1184 277 1264 paupertatem
295 1184 460 1266 levavit,t
437 1183 631 1263 itaprodigos
651 1193 681 1244 et
700 1184 747 1244 oh
756 1183 865 1262 flagitia
884 1191 1017 1263 egentes,
1035 1183 1082 1242 Vi·

72 1273 184 1333 hidium
208 1272 376 1352 Virronem,
405 1233 534 1333 hiarium
563 1273 719 1352 Nepotem,
751 1273 878 1351 Appium
908 1272 1082 1353 Appianum,

72 1361 241 1422 Cornelium
257 1361 381 1440 Sullam,
402 1359 435 1430 Q
450 1360 599 1421 Vitellium
614 1362 705 1420 movit
724 1368 828 1420 senatu
847 1367 898 1420 aut
917 1368 1022 1464 sponte
1037 1379 1083 1421 ce·

73 1449 143 1510 dere
157 1467 263 1528 passus
277 1456 331 1508 est

139 1533 191 1596 49.
205 1535 302 1595 lsdem
316 1534 501 1613 temporibus
515 1534 603 1595 deum
618 1498 706 1595 aedes
720 1543 866 1596 vetustate
881 1539 952 1596 aut'
944 1554 1006 1614 lgm
997 1535 1084 1596 '·aho

74 1623 141 1685 litas
161 1631 340 1702 coeptasque
359 1622 395 1683 ab
409 1622 542 1701 Augusto
557 1623 716 1702 dedicavit,
734 1622 841 1683 Libero
856 1622 1039 1702 Liberaeque
1054 1632 1084 1685 et

75 1712 178 1773 Cereri
196 1714 277 1772 iuxta
297 1713 408 1772 circum
429 1713 600 1791 maximum,
620 1729 708 1790 quam
722 1712 754 1772 A.
769 1711 939 1772 Postumius
958 1712 1084 1772 dictator

74 1808 207 1880 voverat,
227 1792 389 1879 eodemqhe
409 1802 440 1859 in
460 1799 523 1861 loco
543 1800 645 1861 aedem
659 1799 764 1860 Florae
783 1800 819 1860 ah
833 1799 926 1861 Lucio
942 1807 971 1860 et
984 1799 1083 1861 Marco

73 1889 215 1950 Publiciis
230 1886 373 1949 aedilibus
389 1891 592 1969 constitutam,
607 1896 638 1949 et
651 1887 720 1950 lano
735 1889 892 1969 templum,
911 1889 989 1968 quod
1006 1889 1082 1968 apud
1098 1901 1110 1942 5

74 1978 173 2038 lorum
187 1975 359 2038 holitorium
369 1975 399 2038 C.
410 1977 525 2037 Duilius
540 1984 697 2057 struxerat,
712 1979 764 2056 qui
777 1979 892 2057 primus
907 1996 970 2037 rem
980 1977 1084 2040 Roma-

73 2084 140 2126 nam
159 2084 302 2144 prospere
313 2067 396 2125 ‘mari
414 2069 506 2144 gessit
524 2065 767 2146 triumphumque
782 2065 912 2126 navalem
927 2066 964 2126 de
978 2066 1085 2127 Poenis

73 2156 189 2215 meruit.
227 2154 297 2233 Spei
316 2154 403 2214 aedes
427 2173 443 2214 a
462 2153 636 2215 Germanico
660 2161 807 2216 sacratur:
830 2154 907 2216 hanc
926 2155 958 2214 A.
977 2154 1084 2216 Atilius

74 2251 192 2303 voverat
207 2242 310 2303 eodem
324 2242 409 2302 hello.

140 2327 192 2392 50.
215 2330 409 2391 Adolescebat
431 2332 475 2390 int
463 2337 544 2391 terea
571 2330 618 2391 lex
641 2333 777 2392 maiestat
777 2333 811 2391 is.
858 2338 888 2392 et
910 2331 1084 2435 Appuleiam

73 2419 224 2499 Varillam,
248 2421 359 2480 sororis
378 2419 504 2498 Augusti
522 2426 653 2498 neptem,
679 2421 747 2498 qnia
769 2418 923 2523 probrosis
942 2423 1084 2481 sermoni·

74 2508 130 2568 bus
149 2509 248 2568 divum
262 2508 428 2585 Augustum
448 2525 482 2567 ac
496 2506 648 2567 Tiberium
667 2515 697 2567 et
715 2516 839 2568 matrem
854 2511 919 2569 eius
932 2508 1085 2569 inlusisset

75 2595 250 2674 Caesarique
278 2613 389 2656 conexa
417 2593 562 2656 adulterio
590 2603 755 2676 teneretur,
783 2598 944 2657 maiestatis
972 2587 1084 2656 delator

74 2683 250 2744 arcessebat
288 2683 324 2743 de
349 2682 493 2743 adulterio
513 2685 584 2742 satis
603 2686 701 2744 caveri
719 2684 783 2763 lege
802 2684 875 2745 Iulia
893 2687 1002 2745 visum:
1025 2702 1083 2746 ma·
1098 2698 1111 2738 5

75 2773 189 2831 iestatis
213 2771 326 2830 crimen
349 2770 493 2848 distingui
515 2769 621 2831 Caesar
643 2772 803 2850 postulavit
826 2773 1030 2854 damnarique,
1059 2776 1085 2833 si

76 2876 133 2937 qua
162 2858 197 2918 de
221 2857 353 2936 Augusto
383 2858 552 2936 inreligiose
576 2859 712 2922 dixisset:
740 2863 770 2921 in
794 2879 826 2922 se
849 2866 924 2923 iacta
948 2862 1024 2923 nolle
1048 2863 1084 2923 ad

75 2948 273 3025 cognitionem
287 2948 393 3007 vocari.
421 2948 621 3026 interrogatus
636 2967 652 3008 a
667 2949 800 3030 consule,
820 2950 891 3029 quid
910 2951 947 3011 de
965 2953 1002 3012 iis
1017 2970 1085 3012 cen-

74 3043 166 3116 seret,
187 3054 261 3114 quae
276 3035 313 3096 de
327 3042 420 3096 matre
435 3038 499 3096 eius
518 3036 617 3098 locuta
639 3055 726 3098 secus
745 3047 932 3119 argueretur,
951 3041 1084 3118 reticuit,

74 3125 142 3185 dein
166 3126 300 3204 proximo
325 3132 444 3185 senatus
468 3125 515 3186 die
538 3125 618 3186 illius
641 3144 759 3206 quoqne
783 3129 901 3188 nomine
921 3129 1022 3207 orarit,
1046 3145 1084 3185 ne
1099 3138 1125 3178 ιο

74 3215 124 3274 cui
142 3212 232 3274 verba
249 3215 280 3273 in
300 3231 365 3273 eam
384 3231 503 3292 quoquo
522 3214 609 3275 modo
628 3214 727 3275 habita
748 3217 866 3276 crimini
880 3216 984 3276 lorent.
1013 3213 1084 3274 libe·

74 3304 209 3382 ravitque
224 3300 397 3381 Appuleiam
411 3302 476 3380 lege
491 3305 665 3389 maiestatis:
684 3302 823 3364 adulterii
837 3305 1001 3382 graviorem
1015 3321 1084 3382 poe

144 3435 190 3505 48,
211 3442 243 3491 ta
262 3436 411 3492 Virronem
428 3437 600 3508 Nipperdey.
626 3454 787 3504 nassonem,
812 3455 846 3492 e.
825 3437 953 3516 sNipp.
972 3438 1010 3491 ad
1029 3437 1084 3504 XI,

74 3481 193 3576 32149,
213 3507 479 3588 aquamubipaiue:
499 3510 622 3632 quasqb
641 3507 745 3562 duilius
762 3512 798 3573 l8
818 3505 964 3577 a]1nlA
979 3506 1083 3562 Atilius

72 3578 246 3649 Nipperdey.
266 3576 385 3633 intillius
401 3581 406 3648 Ι
422 3579 467 3645 50,
487 3577 583 3633 tueri
596 3594 662 3645 ram,
681 3595 728 3634 em.
748 3576 913 3634 Furianetto
