2392 3876
283 189 332 243 AB
350 186 511 245 Excusso
528 185 683 242 AUGUSTI
701 187 722 241 l.
742 193 855 243 nr-st.
1041 183 1080 247 Π

72 350 112 422 ai,
127 343 153 402 si
167 339 316 419 supplices
326 338 434 418 audiat,
449 339 632 416 scripturum
646 339 724 415 patri
738 345 772 397 ut
785 336 917 414 placatus
932 335 1080 413 legionum

73 448 179 510 preces
193 430 351 507 exciperet.
376 425 529 486 orantibus
543 442 663 486 rursum
678 426 756 486 idem
770 425 893 485 Blaesus
906 431 936 484 et
947 422 979 482 L.
989 425 1080 500 hpro·
1095 433 1108 474 ⁵

72 521 155 598 nius,
176 534 268 595 eques
286 514 437 575 Romanus
456 532 472 574 e
491 513 613 574 cohorte
631 512 733 594 Drusi,
754 512 913 592 iustusque
932 511 1081 589 Catonius,

73 608 162 686 primi
176 604 290 665 ordinis
300 604 443 682 centurio,
459 602 495 662 ad
505 600 656 662 Tiberium
666 604 834 664 mittuntur.
858 608 1003 661 certatum
1014 599 1081 659 inde

73 696 245 773 sententiis,
264 709 332 754 cum
351 691 400 752 alii
419 689 616 768 opperiendos
630 690 742 769 legatos
757 697 846 770 atque
859 691 979 749 interim
993 689 1082 747 comi·

72 791 134 845 tate
148 781 393 860 permulcendum
407 778 531 839 militem
545 787 714 859 censerent,
733 778 783 839 alii
801 777 975 838 fortioribus
989 794 1082 836 reme·

72 872 131 932 diis
146 870 304 949 agendum:
324 867 398 929 nihil
416 869 448 927 ln
462 865 548 945 vulgo
567 866 731 947 modicum;
749 875 877 946 terrere,
901 868 932 926 ni
950 872 1082 944 paveant,
1098 877 1123 915 10

73 959 127 1020 ubi
147 959 368 1038 pertimuerint,
390 958 501 1035 inpune
515 957 678 1017 contemni:
697 955 767 1016 dum
782 956 955 1033 superstitio
969 961 1082 1032 urgeat,

75 1045 245 1106 adiciendos
256 1064 291 1106 ex
302 1046 376 1106 duce
388 1051 483 1104 metus
494 1042 617 1104 sublatis
627 1044 782 1104 seditionis
791 1043 971 1104 auctoribus.
986 1060 1086 1120 prom·

74 1142 159 1215 ptum
178 1133 213 1194 ad
234 1135 384 1213 asperiora
399 1134 550 1211 ingenium
564 1130 660 1211 Druso
679 1139 756 1193 erat:
774 1139 893 1192 vocatos
906 1130 1084 1191 Vibulenum

74 1231 105 1284 et
118 1221 315 1283 Percennium
333 1221 462 1282 interfici
480 1220 571 1281 iubet.
600 1219 721 1281 tradunt
738 1220 873 1300 plerique
891 1222 970 1280 intra
988 1218 1084 1278 taber·

74 1311 214 1373 naculum
238 1311 322 1370 ducis
346 1309 482 1387 obrutos,
510 1308 558 1369 alii
587 1326 711 1385 corpora
735 1316 817 1368 extra
840 1307 946 1369 vallum
970 1306 1083 1368 abiecta
1099 1316 1124 1355 15

74 1401 214 1460 ostentui.

145 1483 197 1545 30.
217 1485 298 1544 ‘lum
316 1491 350 1543 ut
369 1485 495 1561 quisque
514 1483 693 1560 praecipuus
711 1482 846 1542 turbator
864 1485 1032 1562 conquisiti,
1056 1492 1085 1544 et

77 1591 157 1650 pars,
173 1580 256 1630 extra
270 1578 367 1630 castra
381 1570 522 1649 palantes,
537 1587 553 1629 a
568 1569 793 1630 centurionibus
807 1578 858 1630 aut
872 1573 1086 1648 praetoriarum

78 1660 247 1720 cohortium
261 1656 404 1718 militibus
419 1659 510 1718 caesi:
531 1656 673 1737 quosdam
693 1659 751 1736 ipsi
769 1657 912 1737 manipuli
929 1658 1086 1718 documen*

78 1747 222 1808 tum-fidei
237 1746 390 1807 tradidere.
415 1753 536 1807 auxerat
550 1745 676 1807 militum
690 1764 777 1807 curas
791 1753 978 1824 praematura
992 1745 1086 1806 hiems

77 1834 224 1897 imbribus
244 1836 392 1896 continuis
411 1835 543 1914 adeoque
562 1837 669 1913 saevis,
692 1843 804 1895 utnon
828 1835 929 1914 egredi
951 1837 1087 1915 tentoria,
1114 1843 1126 1882 ⁵

76 1926 251 2003 congregari
269 1925 348 1983 inter
367 1942 411 2004 se,
436 1926 484 1984 vix
503 1925 596 1984 tutari
614 1925 696 2001 signa
714 1931 849 2004 possent,
872 1941 948 2003 quae
966 1923 1086 1984 turbine

77 2020 167 2091 atque
190 2012 269 2073 unda
292 2011 492 2090 raptabantur.
526 2010 651 2073 durabat
668 2019 699 2072 et
716 2011 843 2072 formido
862 2011 996 2073 caelestis
1015 2015 1086 2092 irae,

77 2118 133 2161 nec
147 2101 257 2161 irustra
276 2100 416 2161 adversus
435 2103 541 2178 impios
559 2099 720 2161 hebescere
740 2101 850 2181 sidera,
868 2118 957 2162 ruere
976 2109 1086 2180 tempe-

79 2196 107 2250 st
229 2206 267 2249 on
291 2188 370 2249 aliud
387 2188 533 2249 ¹medorum
551 2188 757 2269 levamentum,
777 2192 904 2268 quamsi
917 2188 1086 2270 linquerent

77 2197 324 2425 *lausia
342 2285 544 2356 temerataque
568 2286 597 2337 et
621 2277 711 2338 soluti
733 2278 849 2355 piaculo
873 2280 936 2339 suis
959 2280 1085 2357 quisque
1102 2287 1126 2325 10

28 2366 60 2416 Ι
78 2365 109 2425 hi
131 2367 211 2425 ernis
230 2364 434 2426 redderentur.
467 2368 597 2444 primum
616 2372 729 2445 octava,
748 2367 816 2426 dein
836 2368 939 2444 quinta
962 2366 1086 2426 decuma

78 2453 154 2531 legio
168 2453 297 2514 rediere:
316 2471 451 2514 nonanus
465 2454 662 2533 opperiendas
676 2444 788 2514 'liberii
802 2453 944 2532 epistulas
959 2454 1086 2515 clamita·

79 2549 174 2620 verat,
193 2559 260 2602 mox
279 2541 429 2603 desolatus
443 2540 568 2602 aliorum
582 2541 763 2602 discessione
777 2543 971 2602 inminentem
986 2559 1086 2602 neces·

79 2631 197 2689 sitatem
216 2637 321 2707 sponte
340 2632 500 2707 praevenit.
534 2636 563 2689 et
577 2628 692 2690 Drusus
711 2648 770 2690 non
790 2638 959 2710 exspectato
979 2630 1086 2708 legato·

79 2717 1086 2797 rumregressu,quiapraesentiasatisconsederant,innrbemrediit.
1102 2727 1125 2767 1⁵

148 2798 199 2862 31.
218 2800 315 2862 lsdcm
334 2805 425 2863 terme
444 2804 549 2865 diebus
566 2805 661 2866 isdem
680 2809 778 2868 causis
792 2806 983 2868 Germanicae
997 2807 1085 2885 legio-

80 2908 133 2951 nes
148 2889 295 2971 turbatae,
315 2899 424 2969 quanto
442 2892 556 2971 plures,
576 2900 656 2954 tanto
676 2894 847 2974 violentius,
866 2903 896 2956 et
915 2914 1018 2974 magna
1034 2914 1085 2974 spe

79 2979 143 3039 iore
162 2986 195 3039 ut
213 2978 407 3040 Germanicus
425 2979 532 3040 Caesar
550 2983 707 3060 imperium
726 2983 849 3045 alterius
868 2987 929 3063 pati
948 2986 1086 3062 nequiret

79 3068 221 3146 daretque
246 3086 278 3128 se
300 3068 467 3146 legionibus
491 3071 519 3129 vi
542 3088 595 3130 sua
618 3079 724 3131 cuncta
743 3075 892 3132 tracteris.
930 3072 988 3132 duo
1008 3071 1085 3150 apud

77 3159 173 3234 ripam
191 3156 287 3217 Rheni
310 3159 459 3219 exercitus
478 3166 576 3219 erant:
599 3161 648 3219 cui
667 3177 773 3220 nomen
794 3163 955 3242 superiori,
980 3158 1085 3220 subii.
1114 3165 1126 3206 ⁵

79 3244 151 3304 Silio
170 3244 278 3325 legato,
301 3246 472 3307 inferiorem
490 3246 521 3306 l.
541 3246 666 3314 Caecina
688 3247 818 3308 curabat.
853 3251 986 3326 regimen
1008 3265 1087 3307 sum-

77 3349 142 3392 mae
157 3335 201 3393 rei
215 3351 306 3414 penes
321 3333 537 3415 Germanicum,
551 3336 664 3414 agendo
675 3335 834 3396 Galliarum
849 3337 953 3397 censui
967 3343 1030 3396 tum
1045 3339 1087 3396 in·

152 3448 197 3516 80,
217 3456 232 3505 6
252 3467 308 3504 non
327 3451 492 3521 congregari
509 3451 620 3520 Ritterl
639 3458 671 3506 15
686 3451 866 3506 considerent
881 3453 886 3519 Ι
901 3451 947 3518 ul,
965 3459 978 3505 1
998 3451 1089 3506 isdem

74 3519 113 3573 de
134 3520 226 3573 censis
244 3521 279 3577 L.
298 3521 415 3594 Spengel
430 3527 435 3594 l
451 3528 467 3576 4
485 3521 617 3576 tractoria
637 3521 822 3579 Freinsheim:
840 3525 981 3576 tracturus

133 3617 237 3658 'raom
251 3617 327 3661 PARS
341 3621 361 3687 I1
858 3617 873 3664 2
