2392 3876
141 169 208 233 304
359 235 362 239 Ι
491 163 659 220 CORNELII
677 162 797 220 unctui

142 319 224 396 toris,
239 314 477 376 servili-alterum
492 313 621 394 audacia,
635 313 762 375 admissa
776 321 853 375 sunt.
881 313 1028 379 Domitius
1043 315 1152 378 Balbus

142 413 206 466 6161
224 406 403 484 praetorius,
427 402 515 464 simul
536 402 622 481 longa
645 409 776 483 senecta,
800 402 888 463 simul
906 403 1036 466 orbitate
1055 413 1087 466 et
1104 425 1152 486 pe·

142 497 229 556 cunia
251 494 368 555 insidiis
390 491 542 554 obnoxius.
580 494 607 551 ei
629 492 814 570 propinquus
837 489 970 553 Valerius
994 491 1153 574 Fabianus,

114 598 128 638 6
143 583 331 663 capessendis
341 580 503 641 honoribus
518 579 690 660 destinatuS,
706 579 837 640 subdidit
851 587 1065 642 testamentum
1080 586 1152 644 asci-

141 676 180 733 tis
191 672 303 732 Vinicio
313 670 419 731 Rufino
435 677 464 730 et
478 667 617 728 Terentio
631 667 757 728 bentino
772 668 922 747 equitibus
936 669 1087 732 Romanis.
1111 672 1153 732 1111

142 762 301 821 Antonium
321 757 457 820 Primum
475 764 505 840 et
524 757 659 817 Asinium
677 755 848 818 Marcellum
870 760 1063 820 sociaverant.
1097 762 1152 821 An·

143 852 242 910 tonius
261 847 381 908 audacia
399 853 568 926 promptus,
589 844 744 906 Marcellus
766 846 868 907 Asinio
889 845 1021 910 Pollione
1043 866 1153 927 proavo

143 938 240 999 clarus
258 952 354 1014 neque
373 951 490 996 morum
508 933 692 1013 spernendus
711 933 887 1015 habebatur,
907 937 965 997 nisi
985 937 1065 1015 quod
1084 944 1165 1016 pau-'

103 1044 128 1083 10
142 1032 286 1105 pertatem
300 1024 494 1101 praecipuum
509 1022 652 1084 malorum
666 1022 813 1085 credebat.
841 1026 933 1103 igitur
947 1023 1099 1088 Fabianus
1113 1035 1153 1088 ta·

142 1112 226 1174 bulas
250 1113 350 1172 ascitis
373 1129 448 1191 qnos
470 1113 630 1173 memoravi
653 1120 683 1173 61
705 1111 770 1173 aliis
789 1115 887 1174 minus
905 1112 1085 1184 inlustribus
1105 1114 1152 1178 ob·

143 1204 246 1280 signat.
275 1200 353 1280 quod
373 1201 449 1279 apud
469 1209 568 1279 patres
588 1202 768 1280 convictum,
788 1209 818 1261 et
832 1201 979 1263 Fabianus
993 1204 1152 1267 Antonius-

143 1309 200 1370 que
219 1308 287 1350 cnm
301 1288 408 1349 Rulino
427 1296 457 1348 61
475 1289 613 1350 Ferentio
632 1289 696 1368 lege
711 1288 846 1350 Cornelia
863 1290 1050 1353 damnantur.
1078 1292 1152 1355 Mar·

143 1379 249 1440 cellum
271 1380 410 1438 memoria
432 1379 576 1438 maiorum
597 1385 627 1438 et
649 1396 753 1457 preces
773 1378 905 1440 Caesaris
927 1397 1041 1459 poenae
1060 1385 1152 1462 magis

103 1485 128 1525 15
144 1486 231 1548 qnam
245 1467 381 1528 infamiae
395 1484 539 1526 exemere.
972 1504 975 1514 ι

209 1555 260 1617 41.
279 1554 411 1616 Perculit
428 1556 454 1614 is
473 1555 536 1615 dies
555 1554 728 1633 Pompeium
748 1573 865 1635 qnoque
884 1555 1052 1637 Aelianum,
1072 1560 1151 1619 inve·

143 1664 211 1706 nem
222 1646 431 1723 quaestorium,
441 1650 590 1722 tamquam
600 1642 778 1722 flagitiorum
789 1643 909 1704 Fabiani
919 1653 1054 1728 gnarum,
1065 1649 1151 1727 eique

142 1733 224 1794 ltalia
243 1740 272 1792 et
291 1731 443 1812 Hispania,
462 1734 492 1791 111
512 1750 569 1810 qua
588 1740 671 1792 ortus
690 1740 766 1813 erat,
785 1733 976 1793 interdictum
995 1741 1049 1795 est.
1088 1738 1151 1814 pari

142 1823 302 1901 ignominia
321 1819 453 1880 Valerius
471 1819 612 1881 Ponticus
631 1820 780 1901 adiicitur,
805 1821 884 1900 quod
906 1840 988 1902 reos,
1011 1840 1050 1882 ne
1074 1823 1150 1903 apud

115 1912 324 1990 apraeiectum
344 1908 427 1968 urbis
446 1917 655 1990 arguerentur,
679 1909 714 1970 ad
733 1917 900 1987 praetorem
920 1910 1089 1994 detulisset,
1109 1915 1149 1972 in·

142 2001 230 2059 terim
253 1998 351 2075 specie
375 1996 484 2076 legum,
508 2015 575 2057 mox
594 1998 822 2076 praevaricando
841 1999 983 2058 ultionem
1002 1998 1150 2066 elusurus.

143 2085 260 2145 additur
275 2091 395 2144 senatus
409 2083 557 2163 consulto,
577 2087 629 2163 qui
647 2085 735 2145 talem
749 2104 868 2164 operam
884 2089 1069 2166 emptitasset
1083 2108 1150 2151 ven·

142 2173 314 2251 didissetve,
337 2170 460 2250 perinde
478 2189 573 2249 poena
596 2181 749 2234 teneretur
773 2192 806 2235 ac
829 2175 948 2254 publico
970 2176 1082 2238 iudicio
1106 2196 1150 2238 ca·

142 2261 269 2322 16616166
285 2260 506 2327 condemnatus

208 2347 259 2410 42.
280 2347 364 2409 Haud
379 2348 472 2408 multo
486 2357 554 2429 post
567 2351 751 2429 praelectum
764 2351 848 2412 urbis
862 2351 1024 2414 Pedanium
1040 2354 1149 2416 Secun-

142 2439 213 2500 dum
232 2456 336 2499 servus
354 2439 447 2516 ipsius
466 2439 628 2520 interiecit,
651 2457 704 2501 seu
722 2447 827 2519 negata
845 2440 994 2522 libertate,
1018 2445 1150 2523 61111116-

142 2531 217 2589 tium
235 2529 400 2607 pepigerat,
420 2529 480 2588 sive
499 2546 599 2589 amore
618 2528 725 2590 exoleti
737 2530 878 2590 incensus
893 2538 923 2590 et
937 2531 1091 2592 dominum
1107 2551 1149 2593 ae·

143 2617 256 2678 mulum
275 2635 333 2677 non
353 2615 489 2678 tolerans.
517 2625 650 2679 ceterum
669 2637 737 2679 cum
751 2626 850 2681 vetere
865 2637 901 2678 ex
915 2637 997 2680 more
1012 2620 1151 2683 familiam

116 2719 274 2785 66616661,
293 2724 368 2784 qnae
384 2705 439 2766 sub
458 2705 561 2767 eodem
579 2714 657 2767 16616
676 2709 897 2788 mansitaverat,
917 2708 952 2769 ad
972 2709 1150 2788 supplicium
1189 2707 1192 2717 '

143 2795 189 2869 agi
204 2801 363 2871 oporteret,
382 2811 529 2855 concursu
544 2793 647 2875 plebis,
667 2813 741 2874 qnae
755 2802 800 2856 161
814 2799 950 2858 16661166
968 2798 1150 2878 protegebat,

143 2880 287 2958 usquead
304 2880 479 2942 seditionem
493 2889 614 2943 ventum
628 2891 674 2943 est
688 2892 867 2964 senatusque
883 2888 1027 2963 61666166,
1046 2890 1077 2948 16
1093 2906 1150 2967 quo

142 2970 207 3047 ipso
223 2976 307 3028 616111
321 2967 418 3029 studia
432 2971 552 3030 nimiam
566 2973 752 3032 severitatem
767 2977 1001 3058 aspernantium,
1014 2974 1151 3054 pluribus

214 3228 260 3295 40,
275 3234 292 3282 4
306 3226 333 3282 ei
347 3227 510 3284 Rhenanus:
529 3230 557 3282 et
573 3230 609 3296 16
624 3228 735 3286 Vinicio
749 3233 833 3289 idem:
852 3232 944 3288 uinoio
961 3234 966 3302 Ι
981 3239 998 3289 8
1011 3237 1152 3314 promptu,

143 3317 181 3354 66
199 3298 376 3369 6161661611
394 3305 426 3354 11
442 3298 539 3353 ascitis
555 3300 838 3375 116661.Κ6’66611661
857 3302 893 3357 iis
908 3303 1152 3374 (666661161111161,

145 3370 227 3424 sociis
246 3371 416 3441 Nipperdey)
441 3373 445 3439 1
470 3370 516 3437 41,
536 3373 732 3427 81666166166
755 3379 768 3416 t
793 3391 819 3420 6.
845 3376 850 3444 l
875 3375 918 3444 ac]
947 3376 1011 3431 6111.
1040 3377 1065 3430 61
1092 3393 1152 3447 cup.

143 3458 248 3497 6666666
266 3447 399 3496 66661666
415 3443 418 3510 Ι
435 3440 511 3510 413
528 3441 658 3498 incensus
674 3445 751 3500 Pidr-
831 3443 954 3498 ’61666116
971 3447 975 3515 Ι
992 3454 1006 3501 1
1023 3447 1152 3502 obsessus

144 3513 207 3566 add.
226 3512 321 3577 Jacob,
341 3514 457 3567 vocatus
474 3514 598 3570 Heraeus
620 3518 723 3568 ‘'enab·
813 3547 818 3552 -
858 3532 898 3566 66
937 3518 1006 3568 troni
1037 3518 1152 3588 bipsius)
