2392 3876
128 194 192 259 336
478 189 651 246 CORNELII
667 188 786 246 uncini

129 338 270 424 pulando,
289 342 393 402 anteiit
411 340 541 402 remedia
559 339 713 401 velocitate
731 337 803 401 mali
820 344 851 401 et
864 337 995 402 obnoxia
1012 341 1095 405 urbe
1111 362 1159 407 ar-

130 433 168 494 tis
192 429 349 492 itineribus
371 429 490 510 bneque
514 436 544 491 et
566 428 637 490 illuc
655 427 740 490 ilexis
758 437 847 508 atque
867 427 1048 492 enormibus
1068 433 1157 514 vicis,

129 519 225 602 qualis
243 529 328 581 vetus
346 517 438 580 lloma
456 518 520 580 luit.
557 517 594 579 ad
612 517 669 579 boc
687 515 814 578 lamenta
832 518 1006 597 paventium
1027 519 1156 584 femina-

130 627 211 690 rum,
234 608 312 669 lessa
334 614 429 669 aetate
452 613 504 668 aut
526 605 611 667 rudis
633 606 779 685 pueritiae
799 603 922 686 [aetas],
949 599 1069 687 quique
1095 610 1155 672 sibi

91 712 116 752 15
130 701 241 780 quique
256 696 321 758 aliis
335 693 538 774 consulebant,
552 693 624 755 dum
637 694 760 756 trabunt
769 693 912 756 invalidos
922 702 974 756 aut
983 699 1153 777 opperiun-

130 796 188 868 tur,
203 804 272 867 pars
285 803 376 864 mora,
389 800 459 864 pars
473 782 625 864 festinans,
640 791 746 844 cuncta
760 782 968 863 impediebant.
1002 795 1037 848 et
1049 804 1151 870 saepe,

130 876 201 938 dum
215 877 247 936 in
260 882 378 952 tergum
391 879 574 953 respectant,
592 871 737 933 lateribus
750 880 802 934 aut
815 872 913 934 fronte
927 873 1149 938 circumvenie-

130 965 252 1043 bantur,
276 961 322 1022 vel
341 962 368 1022 si
385 962 416 1022 in
434 962 568 1041 proxima
586 968 754 1042 evaserant,
777 960 837 1022 illis
860 978 978 1042 quoque
998 963 1066 1042 igni
1084 983 1149 1027 cor·

130 1053 238 1130 reptis,
256 1051 345 1112 etiam
359 1066 433 1129 quae
447 1047 609 1130 longinqua
627 1049 816 1112 crediderant
833 1052 864 1112 in
883 1050 988 1112 eodem
1008 1070 1085 1115 casu
1104 1073 1149 1117 re·

90 1139 293 1220 reperiebant.
329 1146 492 1219 postremo,
516 1138 588 1219 quid
611 1140 738 1201 vitarent
756 1138 828 1219 quid
846 1145 983 1218 peterent
1002 1140 1148 1225 ambigui,

130 1227 279 1308 complere
302 1229 377 1309 vias,
400 1229 495 1290 sterni
516 1245 571 1307 per
592 1245 693 1310 agros3
722 1227 841 1308 quidam
864 1227 981 1289 amissis
1004 1225 1148 1293 omnibus

130 1317 271 1400 iortnnis,
294 1316 395 1378 diurni
413 1326 532 1398 quoque
555 1319 664 1398 nctus,
687 1315 738 1378 alii
760 1318 882 1378 caritate
905 1334 1045 1401 suorum,
1070 1338 1147 1400 quos

131 1408 249 1486 eripere
267 1407 475 1486 nequiverant,
494 1407 628 1486 quamvis
646 1413 765 1485 patente
785 1405 892 1483 eilugio
906 1407 1060 1469 interiere.
1086 1427 1148 1472 nec

131 1498 288 1578 quisquam
303 1494 461 1556 defendere
475 1493 615 1575 audebat,
629 1494 744 1555 crebris
758 1493 919 1556 multorum
932 1496 1023 1556 minis
1036 1499 1148 1560 restin-

90 1600 117 1641 ss
130 1603 222 1666 gnere
241 1583 476 1664 prohibentium,
496 1590 527 1645 et
540 1585 609 1662 quia
627 1581 677 1644 alii
689 1582 785 1662 palam
799 1583 879 1644 laces
892 1582 1041 1646 iaciebant
1054 1593 1148 1667 atque

130 1690 197 1736 csse
216 1672 275 1734 sibi
292 1680 444 1734 auctorem
462 1671 712 1754 vociferabantur,
736 1673 797 1733 sive
821 1679 855 1734 ut
877 1680 980 1751 raptus
1002 1671 1148 1737 licentius

131 1769 306 1824 exercerent
320 1779 374 1822 seu
387 1763 480 1824 iussu.

198 1847 249 1913 39.
269 1849 311 1910 Eo
330 1852 362 1911 in
381 1859 514 1929 tempore
528 1847 607 1910 Nero
621 1848 702 1911 Antii
720 1867 810 1929 agens
824 1867 883 1910 non
898 1857 966 1912 ante
985 1851 1017 1912 in
1036 1851 1147 1916 urbem

131 1956 286 2020 regressus
301 1946 359 2020 est,
380 1955 468 2020 quam
482 1938 584 2000 domui
599 1939 676 2020 eius,
690 1956 748 2018 qua
762 1936 906 1999 Palatium
921 1947 951 2000 et
964 1937 1147 2004 Maecenatis

130 2029 234 2090 hortos
253 2030 488 2108 continuaverat,
507 2028 584 2106 ignis
602 2028 824 2108 propinquaret.
852 2045 949 2107 neque
963 2036 1063 2091 tamen
1077 2033 1147 2093 sisti

131 2119 242 2199 potuit,
261 2119 333 2197 quin
353 2124 383 2177 et
400 2114 545 2177 Palatium
563 2122 594 2177 et
612 2115 718 2189 domus
736 2123 767 2176 et
784 2123 893 2177 cuncta
911 2118 1026 2178 circum
1043 2117 1145 2182 bauri-

104 2214 245 2268 trentur.
273 2204 325 2266 sed
344 2204 486 2265 solacium
503 2202 613 2284 populo
633 2201 789 2264 exturbato
808 2221 842 2265 ac
860 2205 986 2284 proiugo
998 2224 1145 2286 campum

131 2294 235 2357 biantis
252 2312 287 2356 ac
304 2299 495 2354 monumenta
509 2290 669 2372 Agrippae,
687 2292 791 2354 hortos
810 2294 883 2372 quin
902 2296 990 2355 etiam
1005 2312 1078 2357 suos
1093 2316 1144 2377 pa-

131 2384 234 2445 teleeit
248 2390 278 2443 et
292 2381 434 2443 subitaria
448 2381 581 2442 aedilicia
596 2382 755 2461 exstruxit,
774 2400 849 2462 qnae
863 2382 1086 2445 multitudinem
1101 2389 1145 2448 in·

131 2491 218 2554 opem
237 2474 419 2553 acciperent;
442 2469 642 2550 subvectaque
661 2469 800 2532 utensilia
818 2469 855 2532 ab
873 2469 956 2533 Ostia
973 2481 1004 2534 et
1022 2477 1145 2554 pmpin-

132 2564 199 2642 quis
208 2562 387 2642 municipiis,
401 2559 590 2640 pretiumque
605 2559 746 2621 frumenti
761 2561 909 2622 minutum
923 2578 1017 2640 usque
1032 2562 1069 2624 ad
1084 2573 1145 2626 ter-

93 2663 118 2702 10
133 2668 186 2712 nos
196 2668 340 2711 nummos.
360 2667 436 2730 quae
447 2666 624 2729 quamquam
638 2647 792 2728 popularia
805 2650 836 2709 in
850 2651 973 2712 inritum
988 2650 1144 2736 cadebant,

132 2741 201 2817 quia
221 2746 392 2818 pervaserat
415 2755 518 2799 rumor
539 2739 605 2816 ipso
624 2744 758 2816 tempore
777 2736 928 2817 ilagrantis
947 2738 1030 2800 urbis
1049 2741 1143 2804 inisse

131 2843 200 2886 eum
224 2825 415 2887 domesticam
430 2843 566 2887 scaenam
585 2832 617 2886 et
634 2827 780 2888 cecinisse
798 2825 960 2891 Troianum
983 2828 1144 2912 excidium,

132 2915 299 2994 praesentia
314 2913 389 2975 mala
403 2915 528 2975 vetustis
542 2913 675 2975 cladibus
690 2914 924 2980 adsimulantem.

198 2999 251 3066 40.
270 3000 359 3063 Sexto
378 3002 497 3064 demum
515 3002 564 3064 die
578 3003 656 3082 apud
670 3005 744 3065 imas
759 3002 907 3085 Esquilias
921 3007 989 3068 linis
1003 3007 1143 3069 incendio

133 3093 237 3173 iaetus,
251 3093 384 3171 prorutis
398 3109 452 3171 per
466 3092 634 3154 inmensum
649 3093 801 3175 aediliciis,
813 3101 848 3156 ut
861 3097 1019 3158 continuae
1033 3096 1143 3158 violen-

203 3191 249 3260 ts,
269 3196 303 3248 18
324 3188 516 3317 geminorum]
536 3191 632 3248 Haase
652 3194 658 3264 Ι
684 3197 717 3248 14
733 3191 875 3275 pueritiae
891 3194 953 3251 Joc.
973 3194 1143 3252 Gronovius:

132 3261 272 3335 pueritiae
291 3279 324 3318 ae
356 3279 369 3318 s
395 3261 480 3328 (iesse
498 3264 548 3318 aut
564 3261 643 3318 rudis
661 3264 801 3334 pueritiae
819 3267 898 3320 setes
916 3266 1043 3334 Lipsius,
1067 3267 1143 3323 iesse

133 3336 184 3390 snt
200 3332 279 3388 rudis
298 3335 376 3390 aetas
395 3333 500 3403 Haase)
515 3336 521 3405 Ι
538 3339 571 3389 19
589 3335 833 3406 repperiebantur,
859 3351 908 3392 nn.
934 3334 978 3390 Jo.
999 3335 1049 3392 Fr.
1071 3337 1142 3394 Grn-

132 3407 231 3462 rtooino
246 3409 250 3474 Ι
266 3411 300 3461 22
320 3404 419 3462 diurno
438 3420 548 3474 quoque
566 3404 644 3460 victu
661 3407 779 3476 Brotier,
799 3403 894 3460 diurni
907 3422 933 3474 q.
948 3405 1039 3462 vietus
1059 3407 1144 3479 eopia

132 3476 292 3548 Nipperdey
307 3479 312 3546 Ι
328 3483 361 3532 26
381 3478 495 3532 auctore
514 3481 530 3532 1
548 3493 582 3532 m.
599 3477 665 3548 139,
682 3484 713 3533 11
732 3477 837 3533 rumori
855 3479 960 3546 (rumor
972 3477 1003 3532 in
1016 3477 1142 3551 breem)

135 3545 139 3619 l
159 3546 205 3614 4⁰,
225 3553 241 3601 2
259 3547 410 3619 promptis,
429 3564 476 3604 em.
495 3547 538 3606 Jo.
558 3548 609 3604 Fr.
631 3547 782 3603 drame..
