2392 3876
282 190 330 244 AB
348 189 513 246 EXOESSU
531 187 685 245 AUGUSTI
703 188 762 246 XII.
782 195 859 246 3-7.
1015 189 1078 254 221
1122 236 1124 241 .

72 348 252 421 erumperet,
266 340 462 400 metuebatur.
490 345 627 399 nectente
642 340 749 401 omissa
764 340 922 418 cunctatio,
937 356 1024 416 quam
1034 337 1080 398 Vi·

72 430 243 491 telliussuis
258 427 372 489 entibus
385 427 415 487 id
430 427 661 506 perpetrandum
673 428 807 504 scripsit.
830 433 1080 506 percontatusque

72 519 226 579 Caesarem
249 535 286 577 an
309 517 400 577 iussis
418 515 539 595 populi,
561 533 598 575 an
620 516 789 579 auctoritati
810 522 932 580 senatus
953 516 1081 597 cederet,

73 607 124 668 ubi
134 606 186 666 ille
201 623 293 666 ornum
307 623 340 665 se
349 605 463 665 civium
473 606 681 668 etoonsensni
694 605 837 682 imparem
848 604 1014 684 :respondit
1031 622 1080 683 op·

72 696 165 776 periri
175 697 256 756 intra
271 692 410 773 palatium
419 693 516 754 dubet.
533 694 603 770 ipse
613 691 910 772 ennamingreditur,
925 711 1081 757 summam·
1097 709 1121 750 10

71 803 129 863 que
149 801 212 844 rem
236 781 384 861 publicam
403 783 450 859 agi
468 780 620 842 obtestans
634 782 753 843 «veniam
770 780 896 842 dicendi
917 789 986 844 ante
1009 782 1081 844 alios

71 874 206 950 enposcit
224 871 412 948 orditurque:
436 871 624 947 gravissimos
642 871 786 948 principis
803 868 930 952 laboreS,
948 873 1016 949 quis
1035 890 1081 932 or-

72 961 140 1020 bem
158 967 256 1039 terrae
280 965 426 1037 capessat,
450 975 537 1034 egere
561 957 756 1039 adminiculis,
770 957 987 1024 :utdemestica
1010 978 1082 1023 cura

72 1065 183 1109 vacuus
197 1048 233 1106 in
252 1064 408 1107 commune
427 1045 569 1108 consulat.
601 1045 679 1124 quod
694 1064 788 1125 ¹porro
803 1047 961 1112 honestius
975 1068 1081 1114 censo·

72 1139 134 1197 riae
149 1137 257 1196 mentis
271 1133 467 1195 levamentum
479 1152 569 1211 qnam
578 1134 738 1198 adsumere
751 1138 916 1217 coniugem,
929 1141 1081 1216 prosperis
1096 1149 1121 1191 1⁶

71 1225 231 1303 dubiisque
246 1225 363 1303 sociam,
378 1225 428 1283 cui
440 1224 633 1300 cogitationes
647 1224 774 1303 intimes,
788 1226 837 1286 cni
851 1243 958 1303 parvos
969 1226 1082 1291 liberos

72 1313 178 1392 tradat,
193 1331 251 1374 non
267 1310 350 1371 lrrnui
363 1318 414 1372 ant
428 1309 627 1388 voluptatibus
641 1311 838 1391 adsuefactus,
855 1312 905 1373 sed
922 1316 1082 1392 qui-prima

72 1403 109 1462 ab
124 1405 243 1461 inventa
252 1399 372 1478 legibus
386 1399 657 1478 obtemperavisset.

139 1487 170 1550 6.
188 1488 347 1566 Postquam
366 1486 751 1551 haeclavorabilioraticne
765 1490 918 1566 praemisit
931 1489 1082 1568 multaque

73 1586 193 1658 patrum
211 1577 375 1637 adsentatio
394 1575 587 1656 sequebatur,
610 1583 696 1654 capto
717 1594 824 1638 rursus
837 1578 942 1657 «initio,
965 1578 1081 1655 quando

73 1665 271 1727 maritandum
290 1667 455 1744 principem
470 1665 570 1725 cuncti
589 1664 760 1745 suaderent,
779 1664 867 1744 deligi
886 1673 1023 1743 oportere
1042 1667 1056 1727 l
1073 1699 1083 1709 ·

74 1758 183 1815 minam
201 1747 354 1815 nobilitate
372 1754 539 1833 puerperiis
554 1755 751 1816 sanctimonia
767 1755 923 1832 insignem.
955 1772 1010 1819 nec
1032 1754 1083 1816 diu

73 1842 292 1922 anquirendum
308 1844 388 1922 ¹quin
410 1843 570 1920 agrippina
594 1840 769 1905 claritudine
799 1844 916 1920 generis
944 1845 1110 1907 anteiretze

73 1934 176 1992 datum
194 1931 231 1991 ab
250 1949 284 1991 ea
300 1931 493 1995 iocunditatis
507 1931 747 2009 experimentum
757 1937 797 1990 et
814 1949 983 2009 ,eorqruere
1004 1939 1083 1992 artes

74 2022 222 2081 honestas.
251 2020 280 2079 id
295 2037 365 2080 vero
382 2021 548 2100 egregium,
561 2019 646 2098 <quod
657 2017 893 2098 provisudentc
905 2019 1001 2085 vidue
1019 2022 1083 2082 iun·

74 2117 195 2189 geretur
209 2109 337 2187 principi
351 2127 404 2169 sua
414 2109 731 2173 tamnmmatrimonia
743 2115 877 2186 experto.
901 2108 1053 2173 redivisse
1067 2128 1083 2169 a

75 2197 256 2277 parentibus,
277 2197 385 2257 vidisse
400 2198 481 2276 ipsos
493 2197 591 2276 abripi
603 2199 746 2275 coniuges
765 2197 801 2260 ad
812 2195 1083 2276 ¹libitatlaeaarum:

76 2286 177 2363 procul
199 2285 227 2344 id
246 2289 431 2363 apraesenti
447 2286 598 2348 modestia.
620 2287 911 2352 statueretnritnmo
923 2285 1083 2351 documen·
1098 2300 1124 2339 1⁰

76 2384 151 2454 tum,
174 2392 231 2452 quo
250 2391 374 2433 uxorem
392 2376 553 2452 imperator
571 2392 591 2433 a
606 2375 748 2449 patribus
766 2375 922 2451 acciperet.
941 2383 985 2434 -at
1005 2376 1084 2434 enim

76 2481 149 2523 nova
174 2461 263 2522 nobis
285 2464 321 2522 ‹in
350 2461 474 2522 fratrum
502 2461 577 2523 silias
604 2463 754 2538 coniugia:
779 2461 834 2526 sed
858 2461 922 2522 aliis
939 2462 1084 2539 ¹gentibus

76 2550 240 2629 sollemnia,
264 2567 366 2628 neque
393 2549 458 2625 lege
485 2547 544 2608 ulla
575 2547 737 2627 prohibita3
757 2555 795 2613 et
820 2547 1009 2616 sobrinarum
1032 2549 1083 2611 diu

77 2641 208 2716 ignorata
227 2644 365 2715 tempore
381 2636 488 2697 ⁴addito
503 2635 744 2714 percrebruisse.
777 2653 900 2699 ,morem
913 2654 1084 2703 accommo-

77 2727 153 2805 dari,
175 2733 265 2803 prout
288 2724 448 2805 conducet,
465 2732 504 2785 et
516 2724 585 2784 :iore
604 2723 660 2784 hoe
680 2725 904 2802 quoqueinne
921 2743 997 2804 qnae
1016 2743 1084 2787 mox
1098 2737 1124 2780 ¹⁵

76 2821 265 2892 usurpentur.

144 2901 171 2963 7.
184 2901 275 2967 bland
290 2901 477 2981 deluerequi
498 2904 646 2981 certatim,
668 2904 693 2962 si
712 2909 909 2964 cunctaretur
917 2901 1036 2983 Cacsar,
1055 2905 1085 2963 vi

76 2999 194 3053 acturos
209 2991 401 3051 testificantes
416 3000 607 3070 erumperent
620 2993 712 3051 curia.
728 2990 1084 3070 -conglobaturpromisca

75 3080 245 3142 multitudot·
250 3078 451 3159 populumque
460 3079 628 3142 Romanum
647 3080 749 3144 eadem
764 3098 848 3143 orare
863 3079 1000 3143 clamitat.
1029 3097 1084 3140 nec

145 3252 172 3318 b,
189 3258 208 3306 6
226 3251 392 3307 metuebant
403 3251 504 3319 Ritter,
521 3252 742 3321 namteetedded.
756 3249 930 3308 metuebant’
949 3251 953 3312 Ι
971 3255 1004 3304 14
1019 3249 1085 3304 Cae-

75 3338 172 3376 sareae
188 3323 310 3377 Piebena
325 3324 330 3389 Ι
348 3327 380 3376 15
394 3321 583 3376 levamentum
601 3338 686 3391 quam
701 3322 734 3376 P.
753 3321 890 3376 Victorius
906 3327 931 3376 et
945 3321 1084 3375 Peterem:

75 3392 204 3447 leuamen
231 3409 354 3460 unquam
371 3396 374 3461 Ι
391 3393 417 3459 d,
447 3398 462 3446 9
491 3391 583 3461 abripi
606 3392 708 3448 Ritter:
737 3391 892 3460 campilli
918 3407 935 3444 a
957 3389 1085 3460 patribus

75 3463 178 3519 Ritter:
199 3481 249 3519 om.
268 3467 300 3518 in
318 3465 419 3520 laeena
437 3480 485 3519 een
503 3464 664 3530 letamen,
682 3479 700 3518 a
716 3478 747 3516 re
765 3462 842 3532 publ.
857 3463 950 3530 euppl.
973 3461 1060 3517 Orelli
1079 3461 1083 3536 Ι

76 3540 109 3589 13
129 3533 304 3588 sobrinarum
323 3535 353 3589 et
371 3533 601 3589 consobrinarum
619 3534 778 3604 Nipperdey
794 3535 799 3602 Ι
815 3537 849 3588 15
867 3531 912 3586 his
