2392 3876
276 181 324 236 aa
343 178 505 237 excussu
522 177 677 236 suadeat
694 178 753 235 ΧΠ.
774 185 888 236 as-aa.
1009 177 1075 244 245

65 331 106 391 lio
126 330 218 392 solita.
252 333 283 392 in
301 329 416 392 ratibus
434 331 649 409 praetoriarum
668 329 834 390 cohortium
852 328 995 407 manipuli
1013 336 1074 389 tur-

66 437 191 498 maeque
205 418 394 498 adstiterunt,
412 419 586 497 antepositis
600 417 843 498 propugnaculis,
861 434 896 478 ea
916 419 984 496 quis
998 423 1074 478 cata·
1088 431 1114 471 ιο

66 507 165 588 pultae
180 506 372 586 ballistaeque
386 506 589 568 tenderentur.
612 506 725 586 reliqua
740 505 821 567 lacus
836 504 979 567 classiarii
988 507 1075 566 tectis

67 595 191 656 navibus
206 595 387 657 obtinebant.
414 597 495 676 ripas
509 603 540 656 et
552 595 642 656 colles
656 596 860 674 montiumque
879 595 957 656 edita
970 597 1001 655 in
1015 612 1076 654 mo·

67 685 137 746 dum
151 685 260 746 theatri
274 683 431 746 multitudo
446 686 602 745 innumera
615 683 780 764 compleuit,
794 684 937 762 proximis
951 701 967 743 e
981 684 1076 743 muni·

66 775 155 853 cipiis
169 782 199 834 et
212 773 262 834 alii
276 772 351 834 urbe
365 791 401 834 ex
415 774 488 851 ipsa,
501 772 618 833 visendi
630 773 769 852 cupidine
783 779 835 833 aut
848 771 946 832 oliioio
955 773 985 832 in
996 772 1076 850 prin·

66 865 171 941 cipem.
212 864 277 941 ipse
301 862 411 938 insigni
436 859 642 940 paludamento
668 879 764 941 neque
787 859 892 940 procul
915 859 1075 939 Agrippina
1090 872 1116 914 1⁵

67 949 219 1028 chlamyde
247 956 350 1010 aurata
377 949 561 1026 praesedere.
607 957 769 1028 pugnatum
798 966 975 1029 quamquam
998 950 1077 1010 inter

68 1045 169 1098 sontes
183 1037 304 1097 fortium
318 1039 451 1097 virorum
465 1039 575 1118 animo,
589 1055 624 1099 ao
636 1046 705 1116 post
718 1038 844 1100 multum
858 1037 1014 1099 udnerum
1028 1055 1076 1098 oc·

68 1126 178 1186 cidioni
191 1127 321 1203 exempti
335 1133 412 1186 sunt.

135 1211 186 1276 57.
206 1212 264 1274 Sed
282 1213 415 1292 perlecto
435 1213 603 1291 spectaculo
620 1222 756 1292 apertum
775 1232 917 1293 aquarum
936 1216 1002 1277 iter.
1033 1216 1077 1275 in·

69 1305 151 1365 curia
166 1303 265 1381 operis
278 1301 433 1362 manifesta
451 1301 521 1382 fuit,
538 1299 617 1363 haud
636 1304 707 1362 satis
726 1301 860 1380 depressi
873 1302 910 1362 ad
924 1301 1005 1363 lacus
1019 1305 1079 1364 ima

68 1391 114 1452 vel
132 1390 236 1451 media.
270 1408 378 1468 eoque,
396 1397 530 1468 tempore
547 1391 717 1470 interiecto,
737 1389 825 1450 altius
843 1389 943 1450 effossi
961 1408 1077 1471 specus,

70 1487 100 1540 et
118 1477 335 1540 contrahendae
350 1495 457 1538 rursus
471 1477 655 1539 multitudini
668 1477 862 1557 gladiatorum
877 1476 1078 1557 spectaculum

69 1568 180 1647 editur,
199 1565 301 1626 inditis
319 1565 459 1645 pontibus
477 1566 646 1644 pedestrem
660 1566 695 1627 ad
710 1583 847 1645 pugnam.
879 1568 951 1645 quin
966 1574 996 1626 et
1010 1580 1105 1627 con-s

70 1657 179 1716 rivium
203 1654 320 1715 effluvio
344 1654 425 1716 lacus
448 1655 615 1733 adpositum
642 1672 747 1733 magna
774 1654 931 1715 formidine
954 1662 1079 1715 cunctos

71 1744 191 1823 adiecit,
220 1745 288 1822 qnia
315 1745 360 1803 vis
387 1761 532 1822 aquarum
559 1760 757 1822 prorumpens
779 1745 912 1822 proxima
935 1742 1079 1822 trahebat,

70 1831 219 1893 convulsis
237 1830 430 1895 ulterioribus
448 1839 499 1893 aut
516 1831 632 1910 fragore
647 1840 677 1892 et
691 1834 789 1893 sonitu
804 1833 963 1893 exterritis.
992 1830 1080 1892 simul

70 1921 230 2000 Agrippina
243 1920 439 2000 trepidatione
455 1922 598 2001 principis
608 1938 662 1982 usa
671 1922 841 1983 ministrum
852 1923 951 2000 operis
960 1919 1079 1981 Narcis-

70 2027 136 2071 sum
151 2000 268 2071 incnsat
282 2009 430 2088 cupidinis
449 2027 483 2070 ac
502 2009 687 2088 praedarum
718 2026 774 2070 nec
791 2008 842 2070 ille
859 2011 977 2090 reticet,
996 2011 1120 2088 iupa-1⁰

70 2099 193 2160 tentiam
208 2096 383 2159 muliebrem
398 2098 563 2178 nimiasque
577 2115 647 2178 spes
660 2101 725 2160 eius
739 2115 875 2178 arguens.

136 2183 189 2248 58.
207 2185 239 2247 u.
253 2185 339 2247 lunio
353 2184 387 2256 Q.
401 2185 522 2248 Haterio
540 2185 714 2249 consulibus
733 2186 862 2248 sedecim
881 2204 973 2248 annos
991 2195 1080 2248 uatus

70 2273 149 2335 Nero
168 2272 318 2335 Octaviam
336 2273 471 2336 Caesaris
488 2273 577 2337 liliam
594 2278 626 2336 in
645 2260 865 2338 matrimonium
883 2278 1005 2355 accepit.
1033 2283 1080 2337 ut-

71 2381 128 2442 que
143 2361 251 2424 studiis
269 2363 402 2428 honestis
421 2370 452 2425 et
468 2362 654 2443 eloquentiae
672 2364 765 2442 gloria
782 2366 972 2444 enitesceret,
991 2381 1080 2425 causa

70 2452 224 2513 Iliensium
241 2458 380 2530 suscepta
394 2449 558 2513 Romanum
572 2450 659 2512 Troia
677 2452 840 2535 demissum
858 2459 889 2513 et
906 2450 998 2512 Iuliae
1013 2455 1080 2512 stir-

70 2541 117 2618 pis
135 2547 288 2600 auctorem
301 2539 430 2599 heneam
448 2537 563 2617 aliaque
580 2537 659 2599 haud
677 2539 783 2618 procul
801 2538 908 2600 iabnlis
926 2547 1026 2600 vetera
1040 2539 1109 2600 iao

71 2625 168 2688 eunde
182 2632 341 2687 exsecutus
360 2633 524 2707 perpetrat,
543 2634 577 2687 ut
594 2624 716 2688 Ilienses
730 2629 810 2688 omni
823 2625 944 2706 publico
956 2645 1080 2688 munere

72 2713 265 2775 solverentur.
299 2714 402 2775 eodem
425 2721 543 2775 oratore
564 2713 745 2776 bononiensi
767 2714 898 2776 coloniae
922 2717 985 2794 igni
1009 2714 1082 2777 hau·

65 2810 134 2865 ,stae
156 2801 333 2862 subventum
357 2804 490 2864 centiens
513 2804 644 2864 sestertii
666 2802 829 2882 largitione.
865 2803 981 2866 reddita
1003 2803 1081 2866 liho-

71 2892 128 2953 diis
151 2889 285 2971 libertas,
314 2890 449 2970 adempta
472 2909 559 2971 saepe
582 2898 634 2953 ant
656 2892 783 2973 firmata,
810 2899 900 2972 prout
922 2891 1007 2955 hellis
1031 2912 1080 2956 ex·

69 2981 164 3043 ternis
187 2987 358 3040 meruerant
375 2986 427 3040 aut
443 2979 524 3042 domi
542 2979 687 3042 seditione
706 2979 904 3064 deliqueraut3
922 2982 1080 3044 tributum·
1095 2995 1124 3038 ao

70 3087 129 3149 que
139 3067 355 3148 Apamensibus
370 3075 467 3130 terrae
481 3076 564 3131 motu
578 3068 725 3131 conuolsis
738 3071 770 3131 in
784 3072 1021 3150 quinquennium
1035 3088 1081 3132 re·

68 3176 201 3219 missum.

140 3310 188 3379 bb,
203 3315 236 3365 ta
249 3308 444 3377 montiumque
458 3309 594 3367 Heraeum
608 3309 746 3366 montium
760 3314 804 3378 (ac
817 3328 853 3366 m.
868 3311 916 3381 ai.)
932 3313 937 3378 Ι
954 3317 987 3367 ta
1000 3327 1081 3381 prae·

71 3379 172 3448 sidera,
185 3397 233 3438 erar.
247 3380 365 3449 Lipsius
380 3380 385 3452 Ι
400 3380 447 3448 bl,
461 3386 477 3436 8
493 3380 551 3450 [vel
562 3380 670 3454 media]
684 3382 831 3438 Acidaliae
845 3383 850 3451 Ι
865 3396 900 3436 eo
912 3396 968 3464 quo
984 3384 989 3452 Ι
1004 3387 1021 3437 8
1035 3397 1082 3437 ex·
1121 3432 1124 3439 .

69 3449 163 3506 territi
173 3450 548 3536 (memoratissimum,
558 3459 572 3507 1
582 3451 698 3508 Haterio
703 3452 832 3523 Iapetus:
843 3452 985 3539 summale
994 3455 1080 3510 stom.

70 3518 76 3594 Ῑ
88 3526 103 3576 6
113 3523 210 3577 vetera
218 3522 381 3579 Rhenanus:
392 3537 460 3576 uera
471 3523 544 3592 (autel.
556 3522 662 3595 Haase)
673 3524 678 3594 Ι
690 3522 851 3592 succiditur,
862 3540 909 3580 em.
920 3523 1081 3599 Nappsrdey
