2392 3876
250 216 298 270 AB
317 215 477 272 EXOESSU
494 213 654 271 AUGUSTI
670 214 741 272 XIV.
761 220 874 270 45—49.
1000 213 1063 278 307

56 368 113 427 lato
132 374 298 446 pateretur,
316 364 505 444 responderit
523 363 632 424 habere
652 363 817 425 subsidium
831 381 894 424 rem
908 362 1093 442 publicam.⁵

56 454 228 534 rogantibus
247 453 368 534 dehine,
382 454 412 514 in
429 471 487 532 quo
502 453 703 533 potissimum,
717 451 870 513 addiderat
883 453 914 511 in
928 450 1065 512 Memmio

55 542 175 622 Regulo.
208 544 280 621 vixit
298 549 397 603 tamen
415 540 574 620 posthaec
592 540 736 621 Regulus,
760 543 859 619 quiete
878 539 1018 600 defensus
1037 548 1067 600 et

55 635 124 711 quia
147 649 221 692 nova
236 632 363 712 'generis
381 629 556 691 claritudine
576 647 673 708 neque
691 628 844 690 invidiosis
865 628 970 707 opibus
994 636 1065 688 erat.

55 721 240 800 gymnasium
254 737 289 780 eo
304 736 380 780 anno
396 718 564 779 dedicatum
574 736 590 777 a
600 717 716 779 Nerone
730 716 958 796 praebitumque
969 715 1066 778 oleum

55 811 148 888 equiti
162 827 195 869 ac
210 809 327 869 senatui
341 806 452 867 Graeca
466 806 613 867 facilitate.
1080 817 1105 857 ιο

120 893 172 958 48.
202 894 234 956 Ρ.
258 894 349 956 llario
380 894 412 956 L.
435 894 531 954 Afinio
561 894 733 956 consulibus
763 896 909 956 Antistius
938 901 1066 973 praetor,

57 1002 145 1064 quem
160 986 191 1044 in
205 982 358 1044 tribunatu
372 982 467 1061 plebis
482 981 606 1044 licenter
620 985 716 1061 egisse
730 986 903 1063 memoravi,
922 982 1067 1061 probrosa

55 1073 196 1133 adversus
224 1073 388 1149 principem
417 1072 548 1132 carmina
576 1072 718 1132 factitavit
746 1072 932 1151 vulgavitque
956 1069 1067 1131 celebri

56 1161 201 1238 convivio,
225 1158 294 1220 dum
317 1158 395 1236 apud
414 1158 565 1220 Ostorium
589 1159 744 1237 Scapulam
767 1160 911 1239 epulatur.
948 1162 1025 1220 exim
1049 1177 1066 1218 a

56 1250 228 1310 Cossutiano
248 1246 402 1328 Capitone,
427 1248 478 1327 qui
500 1265 596 1327 nuper
619 1249 800 1308 senatorium
819 1249 952 1308 ordinem
971 1249 1092 1327 preci-⁵

57 1339 113 1399 bus
124 1335 262 1417 Tigellini
272 1337 369 1397 soceri
383 1337 431 1396 sui
444 1344 606 1416 receperat,
621 1338 781 1397 maiestatis
796 1335 910 1396 delatus
925 1343 978 1395 est.
1002 1343 1065 1396 tum

56 1428 184 1506 primum
206 1432 341 1484 revocata
364 1422 478 1504 calex,
505 1424 740 1503 credebaturque
761 1424 839 1485 haud
861 1424 984 1502 perinde
1005 1425 1065 1483 exi-

56 1516 131 1575 tium
144 1513 272 1573 Antistio
288 1530 375 1591 quam
389 1514 562 1591 imperatori
575 1513 698 1592 gloriam
714 1515 827 1592 quaeri,
843 1521 876 1573 nt
890 1511 1064 1572 condemna-

56 1613 119 1663 tum
146 1621 161 1661 a
188 1608 291 1661 senatu
319 1602 531 1662 intercessione
554 1601 714 1663 tribunicia
737 1603 826 1661 morti
849 1602 999 1661 eximeret.
1037 1608 1067 1659 et

57 1709 124 1752 cum
139 1689 275 1751 Ostorius
289 1689 363 1749 nihil
383 1689 529 1751 audivisse
548 1709 602 1769 pro
622 1692 790 1751 testimonio
810 1690 944 1770 dixisset,
964 1690 1065 1749 adver·
1081 1703 1106 1742 10

57 1783 98 1840 sis
112 1778 239 1839 testibus
258 1776 416 1856 creditum3
435 1781 610 1858 censuitque
624 1779 727 1839 lunius
741 1777 882 1839 Marullus
900 1776 1004 1838 consul
1018 1777 1066 1838 de-

57 1871 189 1946 signatus
204 1865 388 1926 adimendam
402 1883 454 1926 reo
468 1876 637 1946 praeturam
651 1867 875 1946 necandumque
885 1885 967 1927 more
977 1869 1066 1940 maio-

56 1974 131 2017 rum.
178 1957 286 2015 ceteris
308 1954 379 2015 inde
401 1954 652 2036 adsentientibus,
672 1956 779 2016 Paetus
803 1955 945 2035 Thrasea,
973 1954 1066 2015 multo

57 2062 124 2105 curn
139 2044 251 2104 honore
263 2041 397 2103 Caesaris
407 2052 437 2103 et
447 2047 590 2105 acerrime
601 2046 747 2123 increpito
757 2045 892 2125 Antistio,
907 2063 966 2104 non
981 2043 1065 2122 quid-

57 2134 126 2212 quid
142 2150 252 2193 nocens
266 2149 336 2192 reus
349 2135 411 2210 pati
424 2142 603 2214 mereretur,
624 2134 654 2194 id
673 2135 792 2212 egregio
811 2132 866 2193 sub
887 2134 1021 2212 principe
1037 2140 1106 2192 et15

58 2221 135 2281 rivilla
150 2222 328 2281 necessitate
343 2219 486 2281 obstricto
502 2225 618 2282 senatui
632 2222 820 2284 statuendum
835 2221 988 2282 disseruit:
1003 2240 1065 2282 car-

57 2309 174 2368 nificem
198 2316 228 2367 et
252 2307 389 2386 laqueum
408 2309 522 2387 pridem
544 2308 662 2390 abolita,
684 2319 714 2370 et
735 2328 800 2371 esse
821 2328 931 2390 poenas
952 2309 1066 2388 legibus

58 2399 245 2474 constitutas,
271 2395 378 2473 quibus
402 2398 465 2456 sine
489 2398 621 2459 iudicum
645 2401 764 2459 saevitia
788 2407 818 2458 et
837 2407 1004 2477 temporum
1022 2400 1065 2457 in·

58 2486 142 2544 lamia
164 2483 307 2560 supplicia
326 2484 566 2545 decernerentur.
596 2489 667 2564 quin
685 2486 826 2546 ininsula
844 2486 1001 2565 publicatis
1015 2484 1065 2546 bo-

58 2575 116 2651 nis,
141 2590 199 2650 quo
219 2570 334 2648 longius
352 2579 467 2631 sontem
487 2575 576 2632 vitam
596 2575 746 2653 traxisset,
766 2591 800 2633 eo
822 2576 959 2651 privatim
980 2576 1065 2633 mise·
1080 2588 1107 2627 20

59 2662 167 2719 riorern
187 2667 216 2719 et
230 2657 366 2736 publicae
381 2659 554 2720 clementiae
569 2664 728 2722 maximum
743 2660 909 2740 exemplum
924 2662 1066 2723 futurum.

123 2744 174 2808 49.
193 2745 328 2807 Libertas
346 2747 493 2808 Thraseae
513 2752 664 2810 servitium
685 2749 808 2810 aliorum
827 2752 921 2831 rupit,
940 2759 970 2810 et
987 2759 1066 2830 post·

58 2854 144 2915 quam
160 2834 371 2897 discessionem
385 2837 489 2898 consul
502 2841 690 2918 permiserat,
704 2837 830 2916 pedibus
844 2840 875 2898 in
890 2842 1066 2900 sententiam

58 2928 121 2985 eius
145 2927 220 3005 iere,
244 2927 346 3002 paucis
370 2929 513 3007 exceptis,
537 2929 568 2987 in
592 2927 699 3006 quibus
719 2927 885 2987 adulatione
908 2931 1066 3008 promptis·

126 3061 172 3126 47,
192 3067 208 3115 6
227 3058 368 3114 addiderit
382 3061 558 3128 Puteolanus
577 3068 606 3117 at
619 3078 643 3117 o.
658 3061 792 3132 Wdlffla'n,
813 3063 913 3118 Paitoi.
927 3068 974 3131 27,
991 3069 1045 3118 147
1060 3065 1063 3135 Ι

56 3133 100 3198 48,
119 3139 131 3186 1
147 3130 239 3185 Afinio
253 3132 387 3202 Borghesi
403 3131 484 3201 (Opp.
500 3137 526 3200 3,
542 3135 618 3203 350):
639 3131 728 3186 asinio
745 3135 749 3202 Ι
767 3140 781 3187 7
801 3133 967 3187 credebatur
985 3150 1064 3201 quae,

56 3223 103 3260 eona.
122 3204 270 3258 Acidaliae
295 3207 298 3269 Ι
324 3208 339 3256 8
360 3202 457 3271 quaeri
477 3206 508 3256 ut
525 3205 608 3259 idem:
635 3203 776 3271 quaesiuit
793 3206 875 3273 (idem
893 3207 962 3259 coni.
982 3221 1065 3273 quae-

58 3273 141 3327 sitam
160 3275 193 3327 ut
205 3276 246 3329 oet
260 3271 352 3342 gloria
366 3272 494 3341 quaesita
508 3277 548 3340 ut,
565 3276 637 3344 quod
650 3276 725 3330 baud
738 3277 793 3330 scio
808 3292 846 3330 an
857 3277 1066 3344 praeferendum

56 3346 342 3412 attentatarum
368 3347 372 3414 Ι
398 3343 612 3400 condemnatum
631 3345 733 3401 Retro:
762 3345 962 3400 condemnatus
990 3349 1064 3415 (con-

58 3416 204 3469 demnatus
220 3460 243 3472 ..
260 3414 426 3469 eximeretur
436 3418 483 3486 ol.)
500 3420 504 3482 Ι
522 3422 554 3471 19
569 3415 660 3485 quiin
676 3419 680 3486 Ι
697 3423 730 3471 20
740 3416 874 3472 traxisset
884 3417 1065 3472 Puteolanus:

57 3485 205 3541 transisset
229 3490 233 3555 Ι
257 3486 398 3554 miserior,
426 3504 473 3542 em.
493 3487 609 3557 Lipsius
637 3491 642 3557 Ι
671 3488 717 3555 la,
741 3495 757 3542 3
781 3486 905 3558 exceptis
930 3489 1064 3545 Picbeno:

56 3556 163 3627 exeptis
183 3557 329 3627 (exemptis
349 3560 396 3630 ab)

795 3647 848 3703 20*-
