2392 3876
227 269 230 274 ,
285 184 333 237 AB
352 183 512 240 Excussi]
530 184 686 241 AUGUSTI
703 185 749 240 HI.
769 191 882 242 55-59.
1020 188 1083 253 113

72 332 189 412 cipibus
207 334 311 412 petivit
328 333 462 412 dixitque
480 351 535 412 pro
554 336 712 413 sententia,
734 341 769 394 ut
782 334 910 413 publicis
924 337 1110 414 privatisves

73 423 261 483 monimentis
280 421 316 483 ad
334 423 506 482 memoriam
525 430 693 500 temporum
713 441 772 483 non
791 423 947 484 consulrun
964 428 1082 485 nomina

73 509 362 591 praescriberentur,
381 510 433 571 sed
451 527 555 570 eorum
575 513 626 588 qui
639 510 829 572 tribuniciam
844 520 1021 591 potestatem
1035 531 1083 591 ge·

73 606 182 660 nerent.
209 606 240 659 at
253 597 286 669 Q.
301 597 439 660 Haterius
454 617 522 660 cum
537 600 602 659 eius
616 599 676 659 diei
693 608 814 660 senatus
833 600 968 662 consulta
986 605 1084 669 aureis

72 688 181 748 litteris
194 687 309 765 figenda
324 689 356 748 iu
370 689 453 749 curia
466 689 645 768 censuisset,
666 687 830 749 deridiculo
849 688 906 750 suit
920 707 1010 750 senex
1024 691 1084 750 loe·

71 777 211 838 dissimae
226 776 403 838 adulationis
418 783 533 837 tantum
545 775 667 837 infamia
681 795 800 838 usurus.
1099 796 1125 836 ιι

139 862 191 927 58.
214 863 296 925 Inter
315 882 389 943 quae
407 866 558 944 provincia
575 865 674 926 Africa
693 865 777 926 lunio
795 864 898 939 blaeso
918 874 1083 946 prorogata,

73 953 198 1014 Servius
220 951 431 1031 Maluginensis
453 951 559 1014 flamen
578 952 668 1014 Dialis
691 960 726 1014 ιιι
743 954 842 1014 Asiam
860 963 941 1015 sorte
961 954 1084 1016 baberet

73 1040 246 1120 postulavit,
275 1041 386 1102 frustra
413 1040 563 1120 vulgatum
590 1042 729 1103 dictitans
756 1061 816 1103 non
839 1043 929 1104 licere
954 1042 1084 1104 Dialibus

73 1130 176 1208 egredi
189 1128 280 1210 ltalia,
294 1147 391 1209 neque
406 1129 507 1191 aliud
498 1149 546 1190 rus
561 1149 649 1191 suum
663 1149 752 1209 quam
759 1130 938 1192 Martialium
948 1130 1083 1202 Quirina·

73 1218 205 1297 liumque
218 1217 383 1280 flaminum:
397 1236 496 1297 porro,
511 1221 537 1278 si
551 1219 583 1278 hi
596 1218 751 1280 duxissent
764 1221 940 1322 provincias,
954 1237 1009 1281 cur
1018 1220 1083 1280 Dia·
1098 1237 1110 1275 5

73 1307 151 1368 libus
174 1306 205 1368 id
227 1304 373 1368 vetitum?
400 1306 480 1367 nulla
503 1306 544 1366 de
564 1308 603 1366 eri
621 1295 736 1385 populi
748 1293 833 1387 serta,
861 1326 921 1368 non
945 1308 1083 1369 inlibris

73 1397 321 1456 caerimoniarum
335 1397 469 1472 reperiri.
497 1412 585 1472 saepe
587 1396 754 1472 ‘pontifices
767 1355 857 1456 Dialia
872 1413 955 1456 sacra
969 1396 1084 1478 iecisse,

75 1485 101 1542 si
114 1480 222 1542 flamen
231 1482 398 1542 valetudine
408 1490 459 1543 aut
469 1499 592 1542 munere
603 1481 722 1560 publico
732 1483 934 1561 impediretur.
953 1487 1084 1562 quinque

75 1580 105 1631 et
119 1572 306 1648 septuaginta
324 1572 409 1630 annis
427 1577 495 1648 post
510 1568 640 1630 Cornelii
653 1569 783 1630 Merulae
802 1570 923 1631 caedem
938 1574 1085 1632 neminem

75 1658 247 1738 suffectum,
270 1675 368 1736 neque
386 1666 484 1718 tamen
503 1660 666 1719 cessavisse
684 1658 852 1737 religiones.
890 1659 969 1738 quod
988 1662 1013 1720 si
1031 1679 1085 1738 per
1101 1678 1125 1716 ιο

75 1755 119 1809 tot
138 1765 230 1807 annos
249 1748 344 1825 possit
361 1764 422 1807 non
440 1749 538 1808 creari
555 1746 637 1807 nullo
656 1765 808 1808 sacrorum
832 1748 951 1828 damno,
975 1757 1084 1827 quanto

74 1834 191 1896 facilius
205 1836 356 1896 afuturum
370 1836 405 1896 ad
421 1838 510 1896 unius
524 1838 594 1896 anni
607 1835 819 1914 proconsulare
832 1834 1013 1940 imperium?
1026 1840 1085 1916 pri·

73 1926 148 1985 ratis
163 1923 232 1985 olim
247 1907 447 1985 simultatibus
461 1925 608 2005 ellectum,
623 1932 657 1985 ut
670 1924 886 2003 apontiiicibus
895 1927 1031 1986 maximis
1040 1929 1084 1987 ire

72 2015 104 2073 in
127 2015 295 2091 provincias
317 2012 561 2092 prohiberentur.
583 2032 663 2074 nunc
687 2013 776 2074 deum
793 2032 917 2074 munere
936 2032 1085 2079 summum

72 2102 246 2182 pontificum
265 2103 354 2162 etiam
372 2120 521 2162 summum
538 2102 691 2163 homiuum
710 2120 789 2182 esse,
808 2102 1124 2184 nonaemulationi,15

73 2208 134 2250 non
148 2189 215 2250 odio
229 2198 283 2251 aut
294 2192 416 2268 privatis
430 2190 647 2251 adiectionibus
661 2190 831 2251 obnoxium.

141 2274 192 2338 59.
219 2277 369 2339 Adversus
397 2297 473 2358 quae
496 2297 564 2340 cum
588 2297 682 2358 augur
705 2279 850 2340 Lentulus
872 2279 981 2359 aliique
1004 2283 1083 2341 varie

74 2365 264 2447 dissererent,
278 2385 314 2428 eo
324 2366 485 2428 decursum
494 2376 548 2447 est,
562 2375 596 2428 nt
610 2369 758 2446 pontilicis
773 2370 893 2428 maximi
906 2371 1085 2429 sententiam

74 2457 292 2534 opperirentur.
316 2454 453 2516 Tiberius
467 2455 556 2516 dilata
569 2457 689 2516 notione
704 2455 740 2516 de
756 2459 820 2517 iure
833 2456 969 2536 flaminis,
983 2456 1084 2517 decre·

73 2552 119 2604 tas
134 2544 171 2605 ob
185 2543 376 2604 tribuniciam
389 2543 479 2604 Drusi
492 2551 667 2621 potestatem
686 2547 879 2605 caerimonias
898 2547 1081 2624 temperavit,

74 2634 248 2692 nominatim
263 2648 390 2708 arguens
404 2630 590 2691 insolentiam
609 2635 772 2693 sententiae
787 2650 950 2710 aureasque
969 2631 1110 2693 litterass

74 2726 179 2779 contra
201 2720 330 2796 patrium
355 2737 474 2778 morem.
506 2721 646 2780 recitatae
665 2729 695 2780 et
712 2719 801 2781 Drusi
821 2719 963 2798 epistulae
983 2739 1083 2800 quam·

74 2824 164 2886 quam
187 2805 224 2866 ad
249 2806 420 2867 modestiam
443 2806 534 2868 llenae
557 2826 611 2886 pro
640 2809 861 2888 superbissimis
888 2812 1084 2888 accipiuntur.

75 2894 136 2956 huc
151 2894 296 2956 decidisse
311 2903 431 2975 cuncta,
451 2904 485 2957 ut
498 2914 535 2957 ue
550 2899 665 2958 iuvenis
680 2897 799 2976 quidem
813 2906 895 2958 tanto
910 2897 1022 2977 honore
1037 2917 1083 2959 ac-

72 2991 161 3064 cepto
179 2984 274 3045 adiret
292 2984 377 3045 urbis
391 2984 476 3065 deos,
495 2986 704 3064 ingrederetur
717 2994 867 3065 senatum,
882 2989 1013 3066 auspicia
1029 2986 1082 3046 sal-

72 3082 133 3133 tem
148 3072 257 3152 gentile
267 3072 345 3151 apud
360 3072 455 3134 solum
468 3076 621 3152 inciperet.
646 3074 756 3136 bellum
771 3074 886 3136 scilicet
900 3084 951 3135 aut
966 3075 1082 3135 diverso
1098 3089 1124 3128 ιο

144 3241 417 3312 bmbpriralisque
438 3245 586 3308 Muretus!
603 3248 619 3298 8
639 3244 717 3309 eto
737 3244 865 3314 Lipsius:
885 3243 1083 3311 atque158‚5

70 3311 129 3367 sibi
144 3316 149 3382 Ι
165 3319 182 3369 8
200 3312 226 3367 V
243 3313 418 3369 Lacbmarm:
437 3315 545 3370 duobus
564 3314 626 3382 (Vll
644 3314 737 3370 Sirker
754 3318 830 3369 Αιιιι.
847 3315 1083 3394 pbilol31872p.

73 3388 137 3451 135)
154 3386 158 3453 Ι
176 3389 209 3440 15
227 3384 424 3451 aemulatione,
443 3403 490 3442 em
506 3386 636 3440 Muretus
652 3388 656 3452 Ι
672 3386 718 3450 59,
737 3391 753 3440 3
778 3385 874 3439 delato
890 3389 893 3452 Ι
910 3390 926 3439 5
945 3383 998 3439 ins.
1014 3383 1083 3438 Sila-

72 3453 353 3582 bllffialemntioe
376 3427 438 3512 doli.
460 3456 565 3511 Μιιιιιι
590 3458 594 3524 Ι
621 3461 654 3510 10
672 3426 748 3510 bello
767 3456 895 3525 Lipsius,
924 3454 1000 3509 bello
1020 3471 1084 3510 eum

127 3624 232 3666 unsrun
246 3625 330 3668 raas.
344 3625 363 3666 1.
853 3618 870 3668 8
