2392 3876
130 188 170 251 78
480 185 650 242 CORNELII
668 185 787 242 Tucim

129 336 217 398 liebri
235 337 338 397 fraude
358 337 510 398 cecidisse.
538 339 596 397 erit
614 337 697 398 vobis
711 337 794 398 locus
809 337 953 416 querendi
967 338 1044 416 apud
1060 355 1147 398 sena·

130 433 203 506 tum,
218 426 375 486 invocandi
388 425 477 504 leges.
505 443 564 485 non
579 425 635 485 hoc
649 427 843 504 praecipuum
858 428 1020 486 amicorum
1034 444 1149 487 munus

131 522 189 594 est,
213 517 355 595 prosequi
378 514 550 575 defunctum
573 515 678 591 ignavo
702 522 822 594 questu,
846 513 897 574 sed
922 532 997 592 quae
1017 514 1146 576 voluerit

92 615 116 656 1⁵
131 605 315 683 meminisse,
340 621 414 682 quae
435 601 618 662 mandaverit
637 604 767 680 exsequi.
803 601 916 662 ssebunt
935 602 1148 664 Germanicum

132 694 220 752 etiam
239 695 345 769 ignoti:
364 690 552 750 vindicabitis
571 709 635 770 vos,
660 693 685 750 si
704 709 751 751 me
769 692 868 770 potius
888 708 975 769 quam
995 692 1147 752 lortunam

131 798 226 841 meam
255 778 406 840 fovebatis.
458 778 605 839 ostendite
634 779 744 858 populo
772 779 904 839 Romano
932 779 992 840 divi
1018 780 1145 858 Augusti

133 875 253 946 neptem
273 867 456 945 eandemque
474 869 631 945 coniugem
649 885 757 948 meam,
781 875 935 928 numerate
954 885 1005 928 sex
1024 868 1145 930 liberos.

133 955 337 1017 misericordia
356 973 424 1015 cum
442 954 651 1016 accusantibus
670 957 739 1034 erit,
759 955 998 1034 fingentibusque
1020 957 1147 1017 scelesta

92 1059 117 1098 20
132 1043 267 1104 mandata
288 1051 338 1104 aut
356 1061 416 1104 non
435 1043 558 1104 credent
575 1043 711 1105 homines
725 1052 775 1104 aut
790 1062 849 1104 non
863 1041 1038 1122 ignoscent?
1066 1048 1145 1106 iura·

131 1149 200 1194 vere
224 1134 324 1212 amici,
348 1132 481 1193 dextram
504 1134 658 1193 morientis
678 1134 896 1213 contingentes,
920 1135 1057 1213 spiritum
1076 1142 1149 1194 ante

132 1238 220 1300 quam
234 1220 377 1281 ultionem
391 1223 561 1281 amissuros.

201 1306 251 1370 72.
267 1310 345 1370 Tum
359 1309 394 1370 ad
409 1327 532 1370 uxorem
546 1327 651 1370 versus
665 1327 720 1389 per
733 1311 905 1370 memoriam
920 1312 979 1390 sui,
998 1328 1052 1388 per
1065 1329 1145 1370 com-

132 1416 238 1461 munes
257 1397 366 1458 liberos
391 1400 498 1477 oravit,
522 1406 644 1459 exueret
667 1398 820 1478 lerociam,
844 1401 985 1458 saevienti
1009 1400 1148 1459 lortunac

136 1487 325 1549 submitteret
340 1488 478 1567 animum,
492 1505 552 1547 neu
570 1505 705 1566 regressa
719 1489 749 1547 in
764 1486 870 1547 urbem
884 1486 1078 1547 aemulatione
1093 1506 1145 1566 po-

97 1579 243 1638 tentiae
262 1576 418 1637 validiores
436 1558 581 1636 inrrtdret
614 1576 686 1637 baec
705 1575 799 1654 palam
820 1582 849 1635 et
868 1574 923 1635 alia
943 1583 1070 1655 secreto,
1089 1594 1147 1655 per

107 1680 210 1745 aquae
229 1665 386 1726 ostendere
405 1664 582 1725 credebatur
601 1672 713 1725 metum
733 1682 768 1723 ex
783 1663 911 1724 Tiberio
940 1681 1036 1742 neque
1050 1664 1147 1725 multo

133 1761 201 1833 post
211 1756 403 1832 extinguitur,
418 1754 532 1830 ingenti
545 1751 627 1812 luctu
642 1754 811 1831 provinciae
826 1760 856 1812 et
870 1754 1145 1813 circumiacentium

133 1841 318 1921 populorum.
354 1839 507 1900 indoluere
527 1846 645 1900 exterae
666 1842 800 1900 nationes
821 1858 979 1919 regesque:
1002 1847 1082 1901 tanta
1101 1841 1146 1902 illi

134 1932 256 1989 comitas
275 1930 306 1988 in
325 1931 434 2007 socios,
456 1927 650 1987 mansuetudo
669 1930 701 1987 in
718 1927 827 2009 bostis;
848 1931 972 2008 visuque
992 1935 1022 1989 et
1041 1929 1146 1990 auditu

134 2019 215 2076 iuxta
229 2015 418 2095 venerabilis,
438 2033 505 2076 cum
525 2017 758 2093 magnitudinem
777 2025 807 2076 et
825 2019 998 2095 gravitatem
1012 2035 1146 2079 summae

94 2118 119 2157 10
133 2104 270 2165 fortunae
284 2105 436 2183 retineret,
449 2103 589 2163 invidiam
604 2112 634 2164 et
647 2104 847 2183 adrogantiam
861 2105 1011 2184 effugerat.

201 2189 250 2254 73.
269 2191 372 2252 Funus
391 2194 454 2252 sine
473 2191 653 2270 imaginibus
674 2200 703 2253 et
723 2211 829 2272 pompa
848 2212 902 2273 per
920 2194 1022 2255 laudes
1037 2213 1070 2254 ac
1084 2213 1146 2255 me-

132 2283 257 2350 moriam
271 2282 415 2341 virtutum
429 2283 494 2340 eius
509 2280 625 2341 celebre
641 2282 704 2342 luit.
733 2289 763 2342 et
777 2290 861 2342 erant
876 2285 928 2361 qui
942 2284 1078 2363 sormam,
1097 2302 1145 2343 ae-

133 2377 236 2449 tatem,
264 2387 357 2448 genus
384 2371 488 2429 mortis
515 2369 553 2430 ob
571 2372 822 2449 propinquitatem
841 2373 929 2430 etiam
948 2370 1093 2450 locorum,
1112 2374 1145 2432 in

135 2458 243 2539 quibus
272 2459 399 2537 interiit,
426 2460 524 2537 magni
548 2457 704 2519 Alexandri
732 2459 800 2519 latis
823 2459 1030 2538 adaequarent.
1075 2478 1145 2521 nam

107 2556 295 2627 currumque
309 2565 434 2626 corpore
449 2547 570 2626 decoro,
589 2564 698 2625 genere
713 2549 835 2628 insigni,
855 2547 932 2609 baud
952 2548 1077 2609 multum
1092 2551 1146 2608 tri-

134 2639 214 2714 ginta
229 2655 321 2697 annos
340 2653 507 2715 egressum,
526 2653 648 2696 suorum
666 2636 782 2696 insidiis
797 2643 934 2697 externas
948 2639 1026 2697 inter
1040 2644 1144 2715 gentes

134 2725 296 2785 occidisse:
311 2726 362 2785 sed
373 2725 452 2785 bunc
464 2726 565 2784 mitem
576 2742 646 2803 erga
656 2727 773 2804 amieos,
789 2724 936 2785 modicum
952 2725 1145 2804 voluptatum,

134 2830 193 2873 uno
208 2815 408 2895 matrimonio,
427 2814 518 2874 certis
538 2811 640 2873 liberis
659 2816 768 2893 egisse,
787 2831 883 2902 neque
902 2815 1000 2873 minus
1018 2814 1145 2891 proelia-

134 2908 243 2980 torem,
262 2903 350 2961 etiam
369 2904 395 2962 si
413 2903 564 2963 temeritas
582 2902 691 2961 aluerit
707 2893 956 2980 praepeditusque
976 2904 1014 2962 sit
1028 2901 1145 3005 percul-

95 3003 120 3043 10
135 3008 182 3051 sas
200 2996 245 3050 tot
262 2991 395 3049 victoriis
415 2991 585 3051 Germanias
604 2991 724 3050 servitio
743 3007 887 3068 premere.
920 2990 998 3068 quod
1018 2989 1146 3051 sisoius

135 3078 246 3140 arbiter
259 3095 369 3155 rerum,
384 3079 410 3137 si
423 3079 495 3138 iure
503 3086 534 3138 et
546 3079 665 3138 nomine
679 3080 761 3156 regio
775 3077 890 3159 fuisset,
906 3086 986 3138 tauto
1001 3081 1146 3166 prompti·

134 3186 170 3229 ns
185 3167 394 3229 adsecuturum
409 3165 530 3243 gloriam
544 3164 679 3246 militiae,
693 3174 836 3244 quantum
851 3165 1018 3247 clementia,
1033 3173 1147 3245 tempe·

135 3258 242 3336 rantia,
262 3256 370 3316 ceteris
389 3253 474 3314 bonis
493 3254 607 3314 artibus
625 3255 831 3332 praestitisset
859 3272 968 3334 corpus
987 3261 1145 3334 antequam

136 3351 319 3405 cremaretur
333 3343 497 3404 nudatum
489 3361 520 3402 rn
535 3343 599 3402 loro
613 3341 865 3424 Antiochensium,
880 3345 931 3422 qui
949 3343 1032 3404 locus
1048 3344 1146 3422 sepul-

95 3444 121 3485 15
135 3441 219 3493 turae
234 3431 449 3512 destinabatur,
467 3429 679 3509 praetuleritne
694 3431 828 3491 veneficii
842 3433 938 3511 signa,
956 3450 1061 3517 parum
1076 3449 1148 3492 con·

135 3522 224 3602 stitit3
238 3538 304 3582 nam
315 3528 349 3582 ut
359 3523 425 3601 quis
435 3518 636 3581 misericordia
648 3520 677 3564 in
689 3517 896 3580 ‘'temanicum
912 3528 941 3580 et
954 3528 1148 3600 praesumpta
