2392 3876
129 167 193 231 l'lss
477 165 645 221 CORNELII
662 165 782 221 Taciti

127 316 280 376 decretum
293 322 358 375 erat
371 321 439 392 post
453 322 591 375 exustum
605 313 705 374 sociali
718 314 795 376 bello
810 313 1001 394 Capitolium,
1023 319 1144 396 quaesi-

126 407 166 464 tis
185 403 286 484 Samo,
309 403 375 483 llio,
396 401 544 483 Erythris,
567 421 622 482 per
639 403 768 463 diricam
790 405 877 464 etiam
898 420 932 463 ac
947 401 1093 478 ,sinitram
1114 414 1144 467 et

87 511 113 551 15
126 491 243 553 Italicas
261 491 389 553 colonias
413 489 594 551 carminibus
613 489 755 573 Sibullae,
773 496 832 552 1111
850 499 904 553 sen
922 490 1026 571 plures·
1045 492 1143 574 inere,

127 582 253 662 datoque
268 578 471 641 sacerdotibus
492 581 624 659 negotio,
644 587 787 658 quantum
804 578 933 642 1111111111
950 578 1009 660 ope
1026 580 1143 661 potuis·

126 678 201 751 sent,
215 687 284 729 vera
298 668 476 729 discernere.
503 669 595 746 igitur
608 678 679 729 tunc
695 684 812 748 quoque
827 669 941 730 notioni
955 668 1142 748 quindecim·

126 761 222 819 virum
237 759 262 817 is
276 756 353 816 liber
367 755 522 816 subicitur.

194 843 244 907 13.
262 843 359 905 Isdem
376 842 548 904 consulibus
563 845 704 922 gravitate
718 857 851 905 annonae
865 846 947 906 iuxta
961 843 1142 907 seditionem

126 941 259 1013 ventum,
287 928 438 1012 multaque
462 931 615 1010 etplures
638 950 692 1011 per
715 932 833 994 diesin
858 932 972 994 theatro
996 932 1141 995 licentius

127 1020 296 1101 efflagitata,
316 1037 404 1099 quam
422 1019 541 1080 solitum
560 1019 716 1081 adversum
729 1023 948 1101 imperatorem.
976 1023 1141 1102 11111111-

125 1117 224 1171 motus
247 1109 393 1170 incusavit
417 1111 606 1189 magistratus
631 1114 805 1191 patresque,
833 1110 912 1190 quod
935 1118 996 1170 non
1019 1109 1141 1190 publiea

99 1217 113 1258 a
127 1200 301 1260 auctoritate
314 1196 458 1277 populum
476 1199 691 1278 coercuissent,
710 1198 881 1278 addiditque
895 1196 1006 1279 quibus
1020 1197 1058 1258 11
1072 1202 1141 1278 pro-

125 1289 231 1348 vinciis
249 1294 280 1347 et
298 1296 407 1366 quanto
426 1289 568 1347 maiorem
587 1304 674 1366 qoam
692 1286 844 1366 Augustus
862 1289 908 1347 rei
925 1287 1141 1349 frumentariae

126 1378 241 1456 copiam
259 1375 435 1437 adventaret.
471 1377 513 1437 111
531 1374 716 1454 castigandae
739 1374 822 1454 plebi
838 1376 1036 1454 compositum
1055 1384 1140 1436 sena·

126 1474 175 1526 tus
204 1464 373 1526 consultum
399 1465 499 1543 prisca
525 1465 694 1544 severitate,
724 1477 823 1543 neque
849 1463 969 1542 segnius
998 1463 1139 1543 con'siiles

127 1555 254 1616 edixere.
293 1553 444 1615 silentium
462 1555 634 1631 ipsius-nou
654 1551 751 1632 civile,
775 1559 809 1613 ut
832 1549 1012 1632 crediderat,
1036 1551 1141 1613 sedin

87 1661 114 1701 10
127 1642 297 1722 superbiam
310 1640 518 1721 accipiebatur.

196 1729 245 1792 14.
278 1729 351 1790 Fine
379 1731 449 1790 anni
475 1728 640 1811 Geminius,
671 1728 787 1809 Celsus,
817 1728 989 1809 Pompeius,
1021 1730 1139 1808 equites

127 1818 264 1899 Romani,
287 1818 421 1879 cecidere
447 1819 658 1880 coniurationis
683 1819 819 1898 crimiue3
843 1834 879 1877 11
898 1818 965 1896 quis
984 1814 1140 1878 Geminius

127 1907 312 1987 prodigentia
335 1924 425 1984 opum
443 1923 476 1965 16
495 1904 617 1965 mollitia
635 1909 710 1966 vitae
729 1907 842 1967 amicus
861 1903 980 1986 Seiano,
1003 1903 1081 1966 nihil
1105 1904 1140 1966 ad

127 1997 247 2055 serium.
280 2001 310 2054 et
323 1993 415 2054 lulius
430 1992 534 2053 Celsus
547 1993 687 2055 tribunus
700 1996 732 2054 in
746 1992 851 2055 vinclis
864 1993 990 2054 laxatam
1004 2000 1140 2054 catenam

100 2099 114 2141 a
128 2088 157 2143 61
171 2081 383 2142 circumdatam
396 2083 427 2140 in
441 2082 590 2143 diversum
604 2083 730 2143 tendens
744 2101 828 2144 suam
841 2084 905 2161 ipse
915 2083 1063 2143 cervicem
1072 2100 1139 2162 per·

127 2171 223 2249 iregit.
251 2176 281 2230 at
300 2168 412 2230 Rubrio
427 2166 549 2250 Fabato,
568 2177 718 2251 tamquam
736 2171 901 2249 desperatis
923 2166 1015 2230 rebus
1034 2170 1139 2232 Roma-

127 2261 174 2319 nis
197 2256 375 2318 Parthorum
400 2257 436 2318 ad
460 2259 695 2341 misericordiam
717 2259 846 2341 lugeret,
874 2257 1013 2320 custodes
1037 2257 1139 2320 additi.

127 2365 197 2409 sane
212 2348 238 2406 is
252 2352 391 2426 repertus
409 2346 487 2426 apud
506 2347 616 2409 fretum
635 2347 751 2408 Siciliae
770 2354 978 2427 retractusque
994 2365 1051 2426 per
1069 2366 1138 2409 cen-

126 2438 277 2498 turionem
299 2433 393 2496 nullas
417 2432 585 2514 probabiles
608 2454 712 2498 causas
730 2434 907 2515 longinquae
924 2438 1139 2515 peregrinatio-

88 2543 114 2583 1o
127 2528 178 2587 nis
189 2524 351 2586 adferebat:
365 2527 473 2586 mansit
486 2532 584 2586 tamen
598 2524 768 2607 incolumis,
782 2524 928 2585 oblivione
942 2525 1036 2604 magis
1050 2542 1140 2604 quam

127 2615 291 2676 clementia.

194 2699 243 2762 15.
272 2702 335 2762 Ser.
355 2702 444 2763 Galba
467 2701 499 2762 L.
520 2701 600 2763 Sulla
623 2701 794 2764 consulibus
817 2702 869 2763 din
893 2702 1039 2782 quaesito,
1064 2717 1140 2780 quos

127 2789 266 2867 neptibus
288 2792 350 2850 sn'is
370 2793 492 2852 maritos
512 2790 674 2852 destinaret
692 2790 813 2873 Caesar,
831 2797 988 2869 postquam
1010 2788 1141 2849 instabat

127 2876 276 2955 virginum
295 2883 383 2958 actas,
402 2878 434 2940 L.
449 2879 591 2960 Cassium,
610 2876 648 2940 M.
666 2877 814 2940 Vinicium
833 2878 913 2958 legit.
955 2876 1069 2938 1111111
1089 2895 1139 2956 op-

128 2964 268 3043 pidanum
282 2981 390 3042 genus:
409 2965 528 3028 Calibus
542 2974 635 3047 ortus,
653 2974 737 3045 patre
752 2974 840 3047 atque
855 2984 907 3027 avo
923 2963 1140 3046 consularibus,

103 3061 230 3114 1111611
248 3055 381 3131 equestri
396 3054 504 3115 lamilia
519 3062 595 3135 6111,
614 3057 694 3116 mitis
709 3057 828 3134 ingenio
844 3061 874 3115 et
889 3061 1023 3133 comptae
1038 3054 1140 3115 sacun-

130 3143 202 3204 diae.
245 3142 363 3203 Cassius
381 3140 491 3220 plebeii
509 3141 618 3204 Romae
637 3146 768 3225 generis,
792 3161 896 3205 verum
914 3144 1030 3222 antiqui
1047 3141 1140 3203 hono-

200 3294 245 3363 le,
262 3302 294 3351 13
309 3293 388 3349 civili
404 3292 482 3348 bello
500 3294 624 3363 Lipsius,
645 3295 760 3350 Sullano
778 3295 807 3354 b.
820 3295 955 3362 11616616,
975 3293 1086 3368 [sociali
1100 3295 1127 3350 b.

129 3366 299 3437 Nipperdey,
328 3364 362 3438 cf.
393 3365 482 3421 Kieoe
509 3363 1114 3449 (111111.11111111191111161111169111111

130 3437 175 3505 lu,
195 3441 211 3491 ὁ
231 3452 265 3490 ex
283 3435 1141 3507 1111111111(1.111111111111111111111111.

128 3523 300 3563 cumeanus
