2392 3876
293 193 341 250 AB
359 194 522 250 Excussu
537 195 695 251 AUGUSTI
711 196 758 252 VI.
777 203 855 253 2-6.
1018 198 1081 261 171

74 350 105 403 et
127 349 199 403 tunc
222 341 347 404 luendae
370 361 482 423 poenae
505 347 620 423 primus
643 345 707 406 luit.
744 347 823 406 inter
845 363 920 425 quae
943 345 1083 407 Haterius

73 432 204 510 Agrippa
217 431 354 492 consules
369 435 438 493 anni
451 433 561 512 prioris
575 434 695 513 invasit,
710 452 765 494 cur
779 441 882 495 mutua
896 437 1082 495 accusatione
1097 447 1109 489 a

73 522 187 580 intenta
205 538 285 581 nunc
304 519 440 582 silerent:
457 529 570 582 metum
584 539 708 600 prorsus
722 530 752 584 et
765 540 858 583 noxae
872 524 1084 584 conscientiam

74 625 129 685 pro
149 608 268 669 foedere
287 607 404 690 haberi;
422 616 452 670 at
471 627 530 671 non
548 608 683 688 patribus
702 611 854 672 reticenda
868 629 943 690 quae
957 611 1097 672 audiris?
1122 665 1128 673 .

74 704 149 758 sent.
187 695 319 775 Regulus
341 715 462 758 manere
480 705 598 777 tempus
617 698 751 780 ultionis,
775 717 867 778 seque
886 717 986 760 coram
1003 700 1084 778 prin-

74 787 139 864 cipe
153 793 378 867 exsecuturum3
392 785 463 847 'irio
477 787 702 848 aemulationem
716 789 795 848 inter'
809 787 936 866 collegas
951 794 981 847 et
991 788 1017 847 si
1027 805 1085 866 qua

73 873 226 933 discordes
254 874 394 934 iecissent
420 873 528 935 melius
551 874 717 936 oblitterari
734 874 896 955 respondit.
938 882 1085 954 urguente
1099 890 1125 930 ιο

73 962 203 1040 Agrippa
219 961 399 1041 Sanquinius
412 961 557 1024 Maximus
576 982 592 1024 e
611 963 818 1025 consularibus
832 966 927 1025 oravit
940 971 1085 1044 senatum,
1116 1010 1119 1014 -

75 1067 112 1109 ne
131 1068 219 1110 curas
237 1051 426 1128 imperatoris
445 1052 621 1130 conquisitis
635 1055 758 1133 insuper
771 1051 984 1114 acerbitatibus
998 1070 1085 1130 auge·

73 1145 154 1198 rent:
173 1138 311 1199 sufficere
329 1140 427 1218 ipsum
446 1139 611 1201 statuendis
631 1141 779 1202 remediis
811 1144 855 1201 sie
873 1140 986 1218 Regulo
1005 1140 1085 1201 salus

74 1233 104 1286 et
118 1227 222 1287 Trioni
236 1227 337 1288 dilatio
351 1229 436 1288 exitii
454 1229 595 1308 quaesita.
627 1228 767 1290 Haterius
785 1231 907 1290 invisior
926 1230 996 1309 luit,
1016 1230 1085 1308 quia

74 1332 177 1374 somno
192 1323 242 1375 aut
255 1314 421 1377 libidinosis
435 1315 542 1394 vigiliis
555 1316 705 1377 marcidus
719 1324 750 1377 et
763 1316 801 1377 ob
815 1318 970 1396 segnitiam
985 1334 1085 1396 quam·
1100 1330 1126 1371 15

74 1403 120 1460 vis
134 1402 285 1463 crudelem
298 1405 463 1484 principem
477 1422 538 1464 non
551 1412 687 1465 metuens
706 1404 883 1466 inlustribus
902 1407 973 1465 viris
986 1407 1085 1484 perni-

75 1489 152 1549 ciem
167 1490 246 1551 inter
259 1509 381 1568 ganeam
395 1510 429 1553 ac
444 1499 548 1570 stupra
561 1492 766 1554 meditabatur.

141 1573 171 1640 5.
198 1577 285 1639 Exim
309 1579 394 1642 Cotta
415 1579 604 1661 Messalinus,
632 1574 819 1642 saevissimae
847 1583 992 1660 cuiusque
1021 1599 1086 1640 sen·

74 1667 186 1727 tentiae
205 1675 309 1728 auctor
328 1687 422 1748 eoque
436 1671 598 1730 inveterata
611 1669 734 1750 invidia,
752 1668 805 1730 ubi
818 1671 948 1748 primum
962 1668 1086 1730 facultas

74 1754 155 1835 data,
187 1758 323 1834 arguitur
354 1756 495 1837 pleraque
527 1761 560 1820 in
592 1757 622 1819 G.
651 1757 806 1819 Gaesarem
838 1760 924 1837 quasi
955 1759 1086 1818 incertae

73 1842 236 1924 virilitatis,
256 1852 373 1905 etcum
392 1846 439 1907 die
459 1845 549 1906 natali
563 1846 712 1925 Augustae
730 1848 809 1907 inter
827 1846 997 1907 sacerdotes
1015 1863 1086 1924 epu-

73 1931 199 2014 laretur,
215 1930 420 1995 'novendialem
439 1952 504 1995 eam
523 1953 626 1996 cenam
639 1934 763 2015 dixisse3
782 1952 970 2014 querensque
984 1933 1021 1995 de
1035 1949 1113 2013 pos

73 2023 166 2081 tentia
180 2019 226 2081 Μ’.
241 2021 346 2102 Lepidi
359 2040 393 2083 ac
407 2022 439 2084 t.
453 2023 596 2104 Arruntii,
611 2042 678 2084 cum
693 2022 802 2103 quibus
816 2022 855 2083 ob
869 2040 932 2083 rem
947 2023 1085 2101 pecunia·

74 2111 149 2169 riam
168 2109 364 2192 disceptabat,
387 2111 548 2172 addidisse:
572 2108 653 2172 ‘illos
672 2111 792 2191 quidem
811 2119 945 2192 senatus,
968 2129 1016 2172 me
1035 2130 1085 2171 au·
1157 2116 1160 2120 '

74 2205 135 2257 tem
147 2196 281 2259 tuebitur
290 2198 458 2260 Tiberiolus
468 2195 572 2261 meus'
596 2199 1085 2279 quaecunctaaprimoribuscivi-

73 2287 143 2346 tatis
152 2285 368 2367 revincebatur,
382 2288 478 2367 iisque
489 2288 669 2349 instantibus
679 2289 715 2349 ad
725 2290 935 2368 imperatorem
945 2306 1085 2368 provoca-

74 2375 124 2434 vit.
138 2392 194 2436 nec
200 2374 292 2435 multo
300 2383 368 2453 post
375 2374 490 2437 litterae
501 2376 684 2456 adferuntur,
695 2375 804 2456 quibus
813 2379 844 2436 iu
854 2376 976 2437 modum
986 2375 1084 2436 defen·
1099 2391 1125 2430 ιο

74 2463 1085 2543 sionis,repetitointerseatqueCottamamicitiaeprincipiocrebris·

74 2569 132 2630 que
143 2553 207 2612 eius
217 2551 577 2631 officiiscommemoratis,
587 2551 720 2613 neverba
728 2570 817 2631 prave
826 2552 1007 2612 detortaneu
1016 2569 1084 2612 con·

73 2639 212 2701 rivalium
226 2637 391 2700 fabularum
402 2640 591 2717 simplicitas
583 2658 614 2699 m
624 2642 738 2701 crimen
748 2641 909 2700 duceretur
917 2638 1085 2719 postulavit

141 2725 170 2790 6.
194 2727 312 2806 insigne
330 2729 426 2789 visum
445 2735 491 2788 est
508 2745 611 2789 earum
625 2727 759 2788 Caesaris
773 2727 940 2788 litterarum
954 2729 1085 2808 initium,

72 2833 142 2877 uam
155 2814 203 2876 his
217 2816 316 2877 verbis
331 2835 455 2878 exorsus
469 2824 528 2877 est:
547 2811 629 2895 quid
645 2814 773 2877 scribam
787 2814 884 2897 vobis,
902 2824 1002 2895 patres
1017 2835 1086 2878 con·

73 2906 192 2984 scripti,
211 2914 262 2966 aut
281 2922 340 2983 quo
354 2906 440 2966 modo
456 2906 584 2967 scribam
598 2913 649 2966 aut
663 2904 734 2984 quid
749 2906 869 2974 omnino
883 2923 943 2966 non
954 2905 1086 2968 scribam

72 2992 131 3054 boo
144 3000 292 3074 tempore,
311 2993 401 3054 dimo
416 2993 547 3077 deaeque
561 2996 647 3073 peius
660 2993 800 3073 perdant,
819 3012 906 3073 quam
925 2996 1024 3073 perire
1038 3011 1085 3054 me

145 3111 171 3177 4,
192 3117 208 3167 6
233 3126 323 3164 noxae
351 3109 552 3165 conscientiam
570 3110 740 3166 Groslotius.
768 3128 871 3167 noxam
895 3108 1086 3166 conscientiae

73 3180 200 3306 gaoxiam
218 3181 421 3237 conscientiam
441 3181 573 3250 Picbeno)
589 3183 636 3251 lb,
656 3181 769 3237 31110.
789 3181 866 3237 Caes.
887 3183 1027 3236 Muretus·
1056 3179 1085 3236 C.

97 3267 223 3308 necarem
241 3251 353 3322 (Gaiam
367 3251 445 3305 Caes.
461 3224 641 3319 Freinsbea'aa,
660 3250 799 3307 tlalamo.
811 3253 958 3307 Caesarem
966 3251 1057 3305 Ritter
1056 3249 1084 3332 >l

72 3321 199 3378 incertae
216 3323 343 3393 Lipsius·
362 3293 799 3390 incerta(ineestae’1ibenonoa,
817 3325 880 3389 sort
894 3321 1003 3375 incerta
1019 3318 1086 3374 viri·

72 3392 157 3448 litata
175 3392 245 3462 eius)
260 3395 295 3462 ef.
310 3393 373 3449 Seu
387 3394 420 3448 de
429 3408 507 3461 pron
522 3395 548 3460 3,
558 3396 594 3448 13
609 3395 738 3447 exsectae
755 3365 902 3446 virilitatis
920 3390 966 3446 vel
984 3389 1086 3446 dubiae

74 3463 177 3536 tcta.
192 3463 321 3534 Lipsius·
339 3463 377 3519 M.
394 3466 517 3531 lssquae
530 3435 703 3534 Mipperdep:
719 3479 810 3531 nequa
825 3461 1085 3537 (eaquePiolteno)l

73 3536 101 3603 θ,
120 3541 212 3604 ³quo
230 3534 327 3607 modo]
347 3533 521 3603 quanda!
488 3549 523 3590 e.
502 3533 617 3602 fSoet
638 3533 698 3589 Tib
718 3539 755 3589 67

26 3780 72 3835 'sm
82 3810 87 3817 ,,
