2392 3876
125 177 169 243 90
433 196 435 201 ’
471 170 645 232 CORNELII
664 173 784 230 iaciat

124 327 245 406 tegitur,
264 342 316 385 vos
336 342 406 385 vero
426 331 456 384 et
474 323 584 385 liberos
598 323 766 385 Germanici
780 331 810 385 et
823 342 878 385 nos
892 332 1031 402 parentes
1050 326 1143 387 iustis

125 414 242 476 solaciis
255 413 381 475 adiicite.
410 412 557 492 simulque
571 412 644 473 illud
658 420 803 494 reputate,
817 412 937 474 turbide
951 420 982 473 et
996 413 1142 475 seditiose

124 504 296 565 tractaverit
306 500 540 582 exercitusPiso,
557 503 689 580 quaesita
704 503 764 562 sint
775 519 829 579 per
839 499 1029 562 ambitionem
1040 502 1142 563 studia

125 591 263 673 militum,
277 594 367 652 armis
382 592 508 669 repetita
522 592 682 669 provincia,
697 608 734 650 an
749 590 821 650 salsa
834 590 907 651 haec
921 592 951 650 in
966 592 1061 651 maius
1076 591 1141 653 vul·

86 695 112 737 aa
126 682 260 760 gaverint
273 686 470 760 accusatores,
489 696 617 758 quorum
630 696 685 757 ego
700 680 800 740 nimiis
814 679 921 739 studiis
936 681 1001 739 iure
1016 678 1141 740 suscb'ir·

125 764 185 830 seb'.
227 785 295 830 nam
319 785 377 847 quo
402 769 547 845 pertinuit
569 767 682 828 nudare
704 785 814 845 corpus
839 775 869 828 et
892 767 1141 829 contrectandum

125 856 206 935 vulgi
216 855 487 935 oculispermittere
495 855 668 934 differrique
676 857 763 916 etiam
771 874 825 934 per
832 863 980 936 externos,
987 864 1141 935 tamquam

125 962 240 1005 veneno
253 947 438 1022 interceptus
452 952 544 1024 esset,
563 946 589 1005 si
608 946 723 1004 ineerta
741 944 838 1006 adhuc
857 946 914 1006 ista
930 952 963 1006 et
978 946 1141 1006 scrutanda

126 1029 217 1094 sunt?
244 1032 338 1094 deileo
358 1033 496 1111 equidem
514 1033 607 1093 filium
621 1050 721 1093 meum
736 1050 914 1112 semperque
933 1032 1061 1094 deflebo:
1086 1034 1142 1094 sed

85 1137 112 1178 ao
126 1139 223 1200 neque
237 1138 323 1182 reum
337 1121 481 1200 prohibeo
496 1139 554 1200 quo
568 1123 668 1181 minus
682 1130 789 1182 cuncta
803 1122 943 1203 proferat,
965 1121 1074 1200 quibus
1095 1125 1141 1182 in·

126 1212 263 1272 nocentia
277 1212 342 1270 eius
354 1208 505 1270 sublevari
525 1218 588 1290 aut,
608 1213 634 1270 si
652 1228 710 1290 qua
730 1211 788 1272 fuit
805 1213 947 1289 iniquitas
962 1209 1142 1286 Germanici,

126 1300 248 1377 coargui
264 1300 368 1378 possit,
387 1316 498 1375 vosque
513 1316 565 1359 oro
580 1317 626 1380 ne,
646 1301 715 1377 quia
733 1299 829 1359 dolori
843 1317 909 1360 meo
920 1317 1012 1360 causa
1026 1312 1141 1360 conexa

127 1395 180 1468 est,
199 1387 314 1448 obiecta
332 1388 457 1448 crimina
474 1406 529 1466 pro
549 1387 719 1466 adprobatis
738 1389 897 1466 accipiatis.
931 1390 1050 1467 siquos
1070 1405 1141 1466 pro-

125 1479 256 1556 pinquus
270 1479 391 1556 sanguis
405 1484 457 1537 aut
469 1476 544 1537 tides
559 1494 612 1537 sua
626 1483 767 1555 patronos
784 1476 875 1556 dedit,
895 1484 1038 1555 quantum
1058 1479 1141 1555 quis·

85 1581 112 1621 es
127 1584 185 1644 que
204 1565 373 1646 eloquentia
391 1574 422 1626 et
440 1583 512 1626 cura
531 1565 616 1645 valet,
639 1567 736 1626 iuvate
757 1564 988 1643 periclitantem:
1012 1564 1048 1624 ad
1066 1582 1141 1625 eun·

126 1655 194 1714 dem
216 1654 361 1735 laborem,
384 1653 506 1714 eandem
530 1654 726 1714 constantiam
749 1661 938 1715 accusatores
960 1653 1072 1714 hortor.
1110 1654 1141 1714 id

126 1743 223 1804 solum
237 1743 412 1804 Germanico
428 1759 518 1820 super
536 1741 617 1819 leges
635 1744 885 1822 praestiterimus,
905 1742 984 1821 quod
1002 1744 1033 1802 in
1055 1744 1141 1803 curia

126 1834 333 1910 potiusquam
352 1833 384 1890 in
402 1829 476 1909 foro,
500 1829 578 1908 apud
602 1838 737 1891 senatum
758 1848 846 1909 quam
865 1831 942 1910 apud
966 1831 1080 1891 iudices
1102 1830 1141 1892 de

126 1927 222 1979 morte
236 1921 301 1979 eius
315 1919 497 1997 anquiritur:
512 1926 610 1979 cetera
624 1921 689 1997 pari
698 1919 843 1980 modestia
851 1926 1027 1980 tractentur.
1051 1936 1140 1979 nenio

84 2020 113 2061 eo
126 2006 216 2066 Drusi
232 2006 383 2086 lacrimas,
401 2023 487 2066 nemo
506 2009 682 2068 maestitiam
701 2026 796 2069 meam
815 2016 943 2089 spectet,
964 2024 1019 2069 neo
1034 2009 1061 2067 si
1078 2025 1141 2087 qua

128 2097 159 2154 in
174 2112 229 2155 nos
242 2095 365 2154 adversa
378 2091 551 2172 finguntur?

195 2180 244 2244 13.
267 2182 354 2244 Exim
371 2182 495 2244 biduum
514 2183 688 2245 criminibus
707 2184 871 2247 obiciendis
890 2188 1031 2247 statuitur
1045 2193 1140 2264 utque

127 2290 179 2332 sex
198 2272 315 2333 dierum
333 2274 428 2351 spatio
447 2274 604 2335 interiecto
619 2291 689 2334 reus
702 2292 757 2353 per
770 2274 904 2335 triduum
918 2274 1140 2341 defenderetur.
1156 2328 1158 2332 .

126 2370 191 2422 tum
204 2360 357 2424 Fulcinius
377 2368 477 2422 vetera
496 2369 526 2422 et
546 2363 644 2422 inania
663 2362 792 2444 orditur,
815 2362 970 2425 ambitiose
991 2380 1139 2442 avareque

126 2448 257 2511 habitam
278 2448 463 2531 Hispaniam3
491 2450 571 2530 quod
593 2468 691 2530 neque
714 2453 883 2512 convictum
905 2470 998 2513 noxae
1019 2469 1084 2532 reo,
1112 2455 1140 2514 si

100 2551 113 2593 a
128 2542 259 2601 recentia
273 2547 423 2620 purgaret,
442 2557 539 2618 neque
558 2539 712 2601 defensum
727 2539 906 2602 absolutioni
919 2549 992 2622 erat,
1011 2543 1037 2602 si
1056 2548 1138 2601 tene·

126 2636 211 2689 retur
229 2628 391 2690 maioribus
406 2627 535 2706 flagitiis.
563 2636 734 2708 postquem
749 2627 895 2691 Servaeus
905 2637 940 2690 >ct
947 2626 1093 2690 Veranius
1107 2638 1139 2690 et

126 2715 261 2777 Vitellius
283 2716 431 2779 consimili
449 2716 557 2798 studio,
577 2725 609 2778 et
626 2717 719 2778 multa
738 2717 906 2796 eloquentia
924 2715 1068 2798 lditollius,
1086 2716 1138 2778 ob·

126 2806 224 2864 iecere
239 2805 307 2865 odio
316 2805 484 2867 Germanici
498 2813 529 2866 et
541 2823 643 2866 rerum
657 2823 800 2866 novarum
812 2805 913 2867 studio
922 2805 1060 2866 Pisonem
1075 2804 1138 2865 vul-

127 2909 183 2970 gus
196 2892 323 2953 militum
337 2911 392 2971 per
405 2894 554 2956 licentiam
569 2902 599 2954 et
613 2896 762 2955 sociorum
773 2896 900 2957 iniurias
917 2913 952 2956 eo
963 2912 1057 2974 usque
1067 2911 1138 2955 con·

87 2995 114 3035 ιο
127 2983 252 3060 rupisse,
271 2989 305 3042 ut
323 2998 431 3059 parens
443 2983 594 3061 legionum
611 3001 628 3042 a
647 2982 815 3043 deterrimis
834 2982 1045 3062 appellaretur3
1067 3000 1138 3043 con-

126 3079 173 3131 tra
186 3073 217 3130 in
232 3071 376 3148 optimum
391 3088 547 3150 quemque,
568 3072 693 3131 maxime
712 3074 742 3132 in
758 3074 882 3132 comites
897 3080 926 3132 et
941 3073 1051 3134 amieos
1066 3071 1138 3131 Ger·

126 3161 234 3221 manici
257 3160 399 3238 saevisseq
428 3166 577 3236 postremo
605 3161 704 3238 ipsum
731 3157 937 3221 de‘votionibus
965 3167 996 3220 et
1023 3176 1138 3220 ueneno

126 3250 302 3330 peremisse3
322 3263 405 3308 sacra
419 3245 488 3307 hinc
503 3253 533 3306 et
547 3247 762 3310 immolationes
776 3248 917 3311 nefandas
933 3250 1029 3328 ipsius
1048 3256 1138 3327 atque

197 3422 242 3523 lu]
263 3461 278 3510 o
298 3469 381 3524 quem
399 3453 564 3510 Rhenanus:
584 3469 615 3522 q;
636 3456 718 3524 (quae
737 3453 844 3522 Baiter)
871 3456 875 3523 Ι
902 3460 917 3510 t
937 3453 977 3525 et]
997 3453 1049 3508 aad
1067 3453 1140 3510 Rbe-

125 3540 217 3581 uanus
