2392 3876
295 169 523 246 Assfflxcussu
540 170 697 228 AUGUSTI
712 172 760 227 ΠΙ.
779 179 892 231 34-38.
1038 173 1101 238 103

94 341 195 402 voces,
214 340 282 383 cum
295 337 400 381 manus
413 322 608 401 intentarent,
627 319 705 381 ultro
720 320 937 383 metuebantur.
964 321 1128 399 igiturCe

94 412 211 472 Cestius
234 417 353 472 senator
376 408 518 469 disseruit
539 409 690 487 principes
714 408 832 488 quidem
856 411 951 470 instar
978 409 1101 471 deorum

94 518 173 579 esse,
197 499 248 560 sed
271 515 368 576 neque
387 515 404 556 a
423 496 469 557 dis
488 497 546 556 nisi
563 498 657 556 iustas
681 497 849 576 supplicum
871 515 977 577 preces
996 498 1102 579 audiri,

94 606 191 666 neque
214 603 391 667 quemquam
408 587 445 659 ‚in
464 583 641 663 Capitolium
663 584 754 646 aliave
772 585 857 646 urbis
876 586 984 666 templa
1002 586 1101 665 perlu-

93 694 177 756 gere,
195 685 230 737 ut
249 692 284 735 eo
303 673 435 735 subsidio
450 672 486 733 ad
500 673 609 751 flagitia
622 680 733 734 utatur.
761 672 884 735 abolitas
898 674 978 753 leges
993 682 1023 735 et
1037 674 1101 735 sun·

93 764 172 824 ditus
191 781 305 843 versas,
323 761 376 823 ubi
393 764 424 822 in
444 762 522 842 foro,
541 762 572 821 in
590 759 691 822 limine
710 763 811 824 curiae
831 762 866 823 ab
881 763 975 823 Annia
988 762 1102 844 Rufilla,
1117 781 1144 820 ro

93 870 182 931 quam
200 850 312 912 fraudis
331 849 387 911 sub
405 849 502 911 iudice
522 848 730 931 damnavisset,
753 849 862 929 probra
882 851 939 911 sibi
958 857 988 911 et
1006 854 1102 911 minae

93 939 299 1019 intendantur,
317 955 414 1017 neque
427 941 491 1017 ipse
511 937 616 998 audeat
634 940 682 998 ius
700 941 830 1017 experiri
849 938 886 1000 ob
905 939 1032 1017 effigiem
1050 941 1103 1000 im-

94 1028 240 1105 peratoris
254 1027 427 1105 oppositam.
454 1025 533 1087 haud
548 1025 701 1087 dissimilia
716 1026 766 1088 alii
779 1027 942 1107 etquidem
957 1029 1103 1087 atrociora

94 1114 393 1195 circumstrepebant,
422 1113 680 1194 precabanturque
710 1113 839 1177 Drusum
869 1116 953 1177 daret
982 1114 1103 1176 ultionis

94 1204 274 1282 exemplum,
293 1203 387 1263 donec
405 1204 530 1263 accitam
549 1205 773 1287 convictamque
788 1206 907 1265 attineri
920 1203 1038 1282 publica
1053 1222 1102 1265 cu·
1118 1220 1144 1260 15

93 1292 189 1352 stodia
203 1294 297 1352 iussit.

162 1377 213 1440 37.
232 1379 270 1438 Et
288 1377 445 1439 Considius
464 1378 584 1458 heqnus
604 1388 634 1440 et
653 1378 769 1439 Caelius
787 1377 899 1439 Cursor
918 1382 1034 1459 equites
1047 1380 1103 1440 Ro·

95 1469 187 1546 mani,
207 1465 286 1545 quod
304 1466 383 1526 fictis
401 1467 563 1527 maiestatis
577 1466 751 1527 criminibus
765 1464 893 1544 Magium
907 1465 1104 1528 Caecilianum

95 1562 263 1634 praetorem
281 1554 469 1634 petivissent,
495 1561 615 1615 auctore
638 1556 773 1634 principe
792 1572 826 1615 ac
845 1553 965 1615 decreto
984 1561 1104 1615 senatus

95 1644 201 1721 puniti.
225 1649 386 1720 utrumque
399 1642 431 1701 in
445 1640 561 1703 laudem
571 1642 661 1703 Drusi
674 1641 860 1704 trahebatur:
875 1641 912 1702 ab
927 1660 961 1702 eo
975 1646 1007 1703 in
1021 1642 1104 1718 urbe,

95 1735 175 1791 inter
189 1736 292 1791 coetus
307 1736 337 1790 et
351 1747 504 1790 sermones
517 1731 671 1793 hominum
685 1730 868 1811 obversante,
883 1739 998 1792 secreta
1011 1733 1105 1809 patris
1119 1749 1132 1788 s

94 1821 232 1897 mitigari.
260 1836 358 1896 neque
372 1818 460 1879 luxus
474 1821 505 1878 in
519 1821 625 1880 iuvene
640 1820 712 1880 adeo
727 1817 915 1899 displicebat:
932 1819 991 1880 huc
1005 1821 1105 1899 potius

94 1907 276 1988 intenderet,
294 1906 372 1968 diem
391 1905 657 1990 aedificationibus,
676 1915 794 1968 noctem
810 1909 951 1968 conviviis
966 1907 1105 1989 traheret,

95 2014 183 2075 quam
201 1995 282 2056 solus
302 2001 332 2055 et
350 1994 439 2055 nullis
458 1995 657 2076 voluptatibus
677 2003 815 2057 avocatus
829 2003 971 2057 maestam
985 1996 1104 2074 vigilan-

94 2087 166 2145 tiam
180 2091 209 2166 et
223 2083 313 2144 malas
329 2101 416 2145 curas
431 2092 592 2146 exerceret.

161 2169 213 2234 38.
230 2171 305 2232 ·Non
334 2174 412 2232 enim
434 2170 586 2253 liberius,
617 2191 676 2235 non
704 2180 892 2234 accusatores
920 2174 1103 2234 fatiscebant.

95 2269 125 2321 et
147 2259 312 2320 Ancharius
334 2258 455 2321 Priscus
473 2259 610 2322 Caesium
629 2261 758 2322 Cordum
781 2279 836 2340 pro
860 2261 980 2322 consule
1000 2261 1104 2322 Cretae

95 2347 295 2428 postulaverat
307 2349 489 2431 repetundis,
505 2349 603 2411 addito
618 2351 780 2410 maiestatis
795 2351 928 2429 crimine,
947 2349 1027 2428 quod
1040 2358 1103 2411 turn

95 2439 226 2498 omnium
255 2437 476 2498 accusationum
504 2437 753 2516 complementum
776 2444 847 2498 erat.
894 2436 1000 2498 Caesar
1023 2438 1104 2498 Anti·

95 2527 185 2585 stium
203 2523 340 2585 Veterem
363 2543 380 2586 e
403 2525 585 2602 primoribus
607 2523 807 2606 Macedoniae,
834 2523 1001 2585 absolutum
1025 2525 1132 2585 adul-e

94 2614 177 2692 terii,
196 2613 351 2688 increpitis
369 2612 518 2674 iudicibus
532 2613 567 2673 ad
583 2612 737 2673 dicendam
750 2614 912 2673 maiestatis
927 2629 1044 2672 causam
1059 2631 1104 2673 re·

94 2701 197 2777 traxit,
220 2706 255 2759 ut
277 2697 430 2759 turbidum
453 2707 484 2760 et
506 2699 738 2779 Rhescuporidis
761 2699 893 2761 consiliis
916 2703 1104 2782 permixtum,

96 2803 154 2866 qua
168 2792 344 2864 tempestate
358 2784 447 2866 Cotye
463 2785 583 2864 [fratre]
597 2788 754 2848 interfecto
769 2787 879 2849 bellum
894 2788 1035 2849 adversus
1049 2808 1104 2850 nos

94 2874 233 2935 volverat.
262 2875 353 2952 igitur
367 2892 442 2953 aqua
457 2883 486 2936 et
499 2876 561 2955 igni
579 2875 772 2937 interdictum
791 2894 856 2957 reo,
876 2875 1103 2957 adpositumque

94 2971 127 3024 ut
141 2969 295 3023 teneretur
309 2961 405 3023 insula
414 2981 511 3042 neque
522 2962 709 3025 Macedoniae
720 2982 817 3044 neque
827 2964 987 3027 Thraeciae
998 2985 1103 3045 oppor-
1119 2982 1145 3021 ιο

93 3060 173 3112 tuna.
201 3069 269 3112 nam
283 3050 426 3112 Thraecia
444 3051 537 3113 diviso
556 3054 681 3132 imperio
699 3054 731 3113 in
745 3052 974 3114 Rhoemetalcen
989 3063 1019 3114 et
1032 3053 1103 3114 libe·

164 3221 209 3289 ut,
229 3227 244 3276 'l
264 3220 339 3274 diem
365 3220 535 3277 editionibus
553 3221 682 3292 Lipsius,
710 3222 736 3278 d.
755 3221 830 3278 ludis
855 3226 885 3278 ei
905 3221 1103 3277 venationibus

97 3290 212 3358 Urlichs,
226 3291 252 3346 d.
267 3291 383 3346 ludicris
397 3291 569 3348 factionibus
584 3293 675 3349 Ruim.
690 3292 805 3364 Seyffert
820 3297 824 3362 1
840 3293 966 3347 traheret
975 3292 1103 3362 Lipsius:
1179 3352 1180 3356 ,

91 3359 204 3416 trahere
220 3365 224 3425 Ι
240 3362 285 3430 88,
301 3370 316 3418 3
332 3362 367 3417 de
381 3362 544 3433 repetundis
558 3363 727 3435 Nipperdey,
746 3371 776 3419 ui
790 3366 893 3430 confert
906 3363 1016 3434 Drdper
1030 3363 1102 3419 Suet.

94 3431 154 3487 Oth.
172 3436 192 3488 2
210 3432 358 3488 damnatus
376 3433 551 3504 repetundis,
580 3436 598 3489 i.
623 3451 644 3490 e.
668 3433 888 3504 repetundarum
915 3432 1031 3488 crimine
1056 3438 1061 3504 1
1086 3440 1103 3489 8

92 3500 203 3574 [naue]
222 3503 344 3573 Macati,
363 3504 459 3560 fratris
477 3503 536 3558 filio
557 3505 686 3560 Moretur
