2392 3876
269 182 318 237 ΑΒ
336 182 498 240 Excusso
515 182 672 240 accusat
689 182 738 241 IV.
757 189 871 256 ao-ao.
1000 183 1063 250 137

55 333 158 413 palere
176 332 212 393 ad
231 350 304 393 usus
318 334 546 395 commeantium
564 332 615 394 illo
629 335 712 395 mari.
741 341 771 395 et
785 341 849 395 crat
861 333 956 395 isdem
970 335 1065 413 regio·

56 421 145 484 nibus
154 421 258 483 Cutius
267 420 369 500 Lupus
379 428 527 503 quaestor,
541 423 590 482 cui
599 423 751 500 provincia
760 429 860 483 vetere
870 441 905 483 ex
915 440 997 483 more
1008 422 1065 483 cal·
1100 423 1102 428 ’

56 511 99 572 les
109 511 317 572 evenerantzis
326 509 469 588 disposita
479 508 699 571 classiariorum
709 513 793 591 copia
803 517 989 589 coeptantem
997 529 1065 572 cum

56 602 182 660 maxime
206 600 441 659 coniurationem
463 598 589 660 disiecit.
624 600 794 678 missusque
814 617 831 660 a
850 599 975 661 Caesare
997 618 1065 678 pro·
1080 617 1106 659 ro

56 687 241 769 pereStaius
262 687 400 748 tribunus
418 705 487 749 eum
505 686 599 747 valida
612 704 703 749 manu
716 687 823 748 ducem
841 688 940 766 ipsum
955 695 985 748 et
999 706 1066 766 pro·

56 781 151 838 ximos
165 776 286 837 audacia
300 778 332 835 in
345 775 451 836 urbem
463 777 561 856 traxit,
575 778 633 836 iam
642 776 790 855 trepidam
799 775 837 837 ob
846 776 1067 837 multitudinem

56 865 242 944 familiarum,
261 881 336 943 quae
355 863 499 943 gliscebat
516 865 694 946 inmensum,
712 866 827 925 minore
846 866 878 924 in
897 864 961 926 dies
979 864 1066 944 plebe

57 957 194 1033 ingenua.

124 1038 176 1102 28.
207 1039 304 1101 lsdem
327 1039 499 1101 consulibus
526 1041 715 1101 miseriarum
742 1059 776 1103 ao
804 1043 942 1103 saevitiae
969 1059 1067 1103 exem·

57 1128 139 1208 plum
158 1135 255 1203 atrox,
278 1146 348 1190 reus
366 1136 463 1209 pater,
485 1135 639 1190 accusator
658 1128 735 1190 filius
749 1122 872 1213 (nomen
886 1132 1006 1209 utrique
1020 1129 1067 1190 Vi·

57 1218 125 1279 bius
144 1212 288 1298 Serenus)
307 1218 338 1277 in
356 1224 494 1279 senatum
511 1216 627 1278 inducti
645 1224 723 1278 sunt.
757 1216 794 1278 ab
813 1217 900 1279 exilio
919 1226 1067 1278 retractus

57 1306 227 1384 inluvieque
250 1324 283 1367 ac
307 1305 444 1385 squalore
463 1303 578 1365 obsitus
596 1311 626 1365 et
643 1312 708 1366 tum
727 1311 830 1366 catena
848 1308 965 1367 vinctus
983 1314 1068 1384 pater

59 1396 156 1454 oranti
178 1394 238 1457 filio
254 1392 459 1471 comparatur.
495 1392 670 1453 adulescens
692 1392 793 1453 multis
819 1394 987 1474 munditiis,
1011 1394 1096 1464 ala-s

59 1484 104 1543 cri
118 1480 210 1559 vultu,
224 1487 353 1541 structas
367 1481 496 1560 principi
513 1479 645 1561 insidias,
662 1482 771 1541 missos
789 1483 820 1541 in
835 1480 958 1542 Galliam
971 1483 1068 1542 conci·

59 1578 141 1630 tores
150 1567 220 1629 belli
228 1568 317 1629 index
325 1568 404 1628 idem
412 1567 1069 1649 ettestisdicebatadnectcbatqueCaecilium

59 1658 224 1719 Comutum
237 1658 419 1735 praetorium
434 1658 648 1718 ministravisse
660 1659 831 1738 pecuniam3
846 1659 898 1736 qui
912 1657 1009 1719 taedio
1019 1676 1069 1718 cu·
1166 1692 1168 1695 v

59 1764 169 1826 rarum,
183 1753 214 1806 et
228 1748 297 1824 quia
310 1744 476 1824 periculum
490 1763 544 1825 pro
559 1747 649 1806 exitio
663 1743 836 1827 habebatur,
850 1752 978 1806 mortem
991 1748 1022 1806 in
1037 1763 1069 1806 se

59 1836 217 1896 festinavit.
250 1842 280 1896 at
307 1841 411 1895 contra
431 1851 501 1894 reus
520 1831 594 1894 nihil
614 1835 741 1895 infracto
760 1834 857 1895 auimo
876 1833 1019 1895 obversus
1038 1836 1069 1894 in
1084 1851 1113 1893 ro

59 1924 152 1985 filium
170 1929 293 2003 quatere
314 1922 422 2004 vincla,
442 1939 548 1984 vocare
570 1921 684 1983 ultores
707 1922 791 2004 deos,
815 1931 849 1983 ut
868 1922 926 1984 sibi
949 1924 1070 2002 quidem

58 2012 218 2074 redderent
232 2011 366 2091 exilium,
384 2010 436 2072 ubi
449 2010 554 2090 procul
567 2011 620 2073 tali
632 2029 716 2072 more
730 2019 844 2092 ageret,
863 2011 957 2083 filium
970 2020 1070 2073 autem

60 2100 237 2180 quandoque
255 2099 399 2179 supplicia
418 2108 624 2179 sequerentur.
642 2162 646 2170 ,
661 2099 911 2181 adseverabatque
929 2103 1069 2162 innocen·

59 2197 121 2250 tem
134 2189 299 2249 Cornutum
313 2195 343 2249 et
356 2188 429 2250 lalso
443 2187 632 2270 exterritum3
650 2189 741 2269 idque
760 2188 845 2250 iacile
863 2188 1024 2271 intellectu,
1044 2191 1070 2250 si

59 2277 258 2356 proderentur
272 2277 334 2338 alii:
355 2294 415 2338 non
433 2279 512 2338 enim
531 2294 563 2338 se
578 2276 699 2338 caedem
712 2278 858 2357 principis
872 2285 903 2338 et
916 2295 965 2339 res
980 2291 1113 2338 novas1o

59 2384 119 2427 uno
134 2367 214 2427 socio
229 2368 384 2444 cogitasse.

127 2450 179 2516 29.
201 2453 278 2514 'lum
295 2461 450 2515 accusator
469 2454 520 2515 Cn.
539 2452 697 2514 Lentulum
716 2461 747 2515 et
768 2452 869 2515 Seium
882 2452 1071 2514 Tuberonem

60 2544 205 2621 nominat,
232 2559 337 2621 magno
361 2541 474 2620 pudore
498 2541 644 2621 Caesaris,
673 2543 912 2621 comprimores
935 2542 1071 2623 civitatis,

60 2632 159 2691 intimi
172 2631 266 2708 ipsius
280 2631 376 2710 amici,
389 2628 534 2690 Lentulus
548 2632 710 2691 senectutis
720 2637 878 2708 extremae,
893 2627 1012 2689 Tubero
1022 2628 1071 2691 de·

61 2719 140 2778 lecto
163 2734 296 2796 corpore,
322 2716 467 2778 tumultus
490 2716 606 2778 hostilis
630 2725 660 2778 et
682 2716 846 2778 turbandae
869 2717 913 2777 rei
935 2716 1071 2797 publicae

61 2811 294 2867 accerserentur.
323 2805 375 2866 sed
393 2804 425 2867 hi
444 2805 564 2885 quidem
582 2807 682 2867 statim
697 2806 839 2885 exempti:
859 2806 891 2866 in
905 2815 1020 2884 patrem
1035 2826 1070 2869 ex
1085 2821 1099 2864 a

61 2896 156 2956 servis
174 2895 354 2975 quaesitum,
378 2902 408 2956 et
428 2896 562 2974 quaestio
585 2894 708 2955 adversa
730 2896 897 2955 accusatori
918 2895 983 2957 init.
1021 2898 1073 2976 qui

60 2982 174 3045 scelere
189 3000 319 3064 vaecors,
334 2981 422 3044 simul
436 2983 515 3064 vulgi
529 3001 650 3045 rumore
665 2979 798 3065 territus,
818 2983 911 3045 robur
924 2992 955 3046 et
969 3002 1073 3046 saxum

131 3171 177 3240 27,
192 3178 209 3227 8
228 3170 327 3243 calles]
348 3169 430 3227 Galea
444 3171 560 3253 Idpaias
574 3173 611 3242 19
631 3171 782 3227 evenerant
794 3170 901 3227 Haase·
921 3170 1071 3250 euenerat}

60 3243 106 3309 28,
125 3249 141 3297 2
160 3241 273 3311 uirique
290 3243 418 3312 Lipsiae.
441 3259 552 3312 umque
567 3245 577 3327 1Ι
588 3249 606 3298 4
623 3244 733 3298 vinctus
751 3240 897 3324 peroranti
914 3239 973 3294 filio
991 3242 1074 3308 pater

61 3316 237 3384 comparatur
255 3315 284 3384 (i.
299 3331 320 3369 e.
335 3331 396 3370 eam
409 3330 439 3370 eo
446 3330 576 3400 compono
572 3315 633 3385 tar)
650 3315 780 3383 Madaipa
799 3312 910 3366 uinctus
928 3309 1074 3393 peroranti

60 3384 119 3438 filio
136 3386 288 3458 praepeqat
288 3401 322 3438 ur
340 3385 451 3451 (Madoi
469 3387 527 3440 iam
544 3387 586 3440 ita
603 3386 689 3441 secati
706 3399 812 3449 monus,
830 3388 863 3437 at
879 3382 962 3450 pater
981 3381 1074 3435 oranti

59 3456 244 3525 scriberemus)
260 3457 265 3525 Ι
282 3461 316 3511 14
333 3455 406 3510 falso
423 3402 553 3512 Uyainaa:
572 3454 646 3510 falsa
661 3457 666 3526 t
682 3453 718 3526 si]
738 3453 770 3507 ni
788 3398 898 3508 Neoeap
898 3453 904 3521 Ι
924 3451 974 3519 29,
994 3458 1073 3508 aar·

60 3527 235 3581 cassereniur
253 3527 368 3597 Idpoiaa
