2408 3870
133 166 197 228 114
483 160 651 218 coenatu
669 160 786 217 mern

132 323 280 375 terrarum
304 313 451 390 distineri,
476 310 561 371 litora
585 319 615 371 et
637 310 719 371 lacus
738 310 913 390 Campaniae
932 330 1008 375 cum
1029 318 1157 378 maxime

132 409 345 482 peragrantem.
369 402 412 460 sic
427 398 520 459 imbui
535 408 680 459 rectorem
694 401 813 478 generis
827 399 958 481 humani,
975 402 1008 462 id
1024 406 1155 482 primum

133 511 148 551 e
163 493 295 570 paternis
310 488 445 549 consiliis
455 488 578 548 discere.
603 504 673 548 sane
688 496 861 566 gravaretur
871 498 1034 566 aspectum
1046 495 1154 556 civium

133 598 222 641 senex
238 582 398 657 imperator
414 577 580 654 fessamque
596 584 721 637 aetatem
736 585 766 636 et
779 584 862 637 actos
876 575 998 639 labores
1015 591 1155 660 praeten-

94 687 118 725 15
133 669 229 729 deret:
245 666 341 726 Druso
356 664 434 744 quod
450 666 558 724 nisiex
573 664 743 742 adrogantia
758 664 1034 743 impedimentum?

201 753 251 817 60.
272 754 330 814 Sed
350 752 501 833 Tiberius,
525 755 582 813 vim
601 755 784 831 principatus
809 752 865 815 sibi
884 754 1026 838 firmano,
1055 761 1154 840 imagi-

134 863 202 905 nem
221 844 404 921 antiquitatis
423 843 539 902 senatui
558 841 730 921 praebebat,
754 841 899 921 postulata
924 847 1153 922 provinciarum

133 932 171 992 ad
184 931 421 1010 disquisitionem
435 938 553 1007 patrum
568 930 721 991 mittendo.
745 928 954 992 crebrescebat
970 937 1058 996 enlm
1070 937 1153 998 Grae·

134 1038 183 1080 cas
197 1037 251 1098 per
266 1018 356 1079 urbes
370 1017 489 1077 licentia
508 1025 595 1096 atquc
615 1021 775 1097 impunitas
796 1015 873 1098 aegla
894 1013 1071 1106 statuendi}
1091 1044 1153 1087 con·

106 1108 290 1188 eplebantur
309 1105 416 1185 templa
434 1107 571 1184 pessimis
590 1109 792 1189 servitiorum3
818 1107 923 1168 eodem
942 1108 1091 1174 subsidio
1109 1114 1151 1175 ob-

133 1199 226 1257 aerati
244 1196 399 1256 adversum
418 1194 582 1255 creditores
597 1198 788 1275 suspectique
802 1194 976 1274 capitalium
991 1203 1151 1265 eriminum

134 1284 370 1364 receptabantur.
399 1302 453 1343 nec
469 1282 560 1343 ullum
576 1286 645 1344 satis
661 1284 788 1345 validum
802 1286 960 1362 imperium
985 1299 1055 1351 erat
1076 1298 1152 1353 codr-

134 1374 235 1436 cendis
255 1371 450 1434 seditionibus
469 1373 583 1452 populi,
603 1372 711 1451 flagitia
730 1373 884 1434 bominum
898 1382 932 1434 ut
951 1379 1151 1442 caerimonias

134 1465 223 1526 domn
237 1464 427 1543 protegentis.
457 1464 548 1539 igitur
562 1461 701 1540 placitum
717 1470 750 1523 ut
764 1464 918 1522 mitterent
931 1464 1080 1529 civitates
1094 1471 1151 1530 iura

95 1573 120 1612 10
133 1563 221 1632 atque
241 1551 360 1631 legatos.
398 1559 428 1610 et
450 1550 593 1629 quaedam
613 1549 692 1629 quod
712 1550 784 1611 lalso
803 1562 1029 1630 usurpaverant
1048 1566 1151 1636 sponte

134 1644 274 1720 omisere,
294 1639 402 1700 multae
422 1641 546 1699 vetustis
565 1638 827 1717 superstitionibus
846 1646 898 1700 aut
916 1643 1039 1704 meritis
1061 1648 1094 1707 in
1109 1665 1150 1726 po·

133 1731 236 1810 pulum
251 1728 414 1788 Romanum
433 1726 570 1787 fidebant.
603 1745 765 1806 magnaque
785 1729 849 1788 eius
868 1727 928 1821 diei
946 1734 1074 1807 species
1095 1735 1151 1812 tuit,

134 1838 193 1899 quo
208 1825 329 1877 senatus
344 1817 486 1874 maiorum
501 1814 652 1894 beneficia,
667 1819 815 1876 sociorum
826 1824 919 1896 pacta,
935 1835 1047 1896 regum
1058 1825 1151 1901 etiam,

135 1909 267 1986 quiante
283 1906 341 1963 vim
356 1903 515 1963 Romanam
529 1902 694 1985 valuerant,
709 1904 827 1964 decreta
841 1907 1042 1986 ipsorumque
1060 1913 1150 1972 numi·

95 2012 120 2051 15
134 2012 206 2053 num
221 1992 378 2070 religiones
391 1993 576 2071 introspexit,
590 1991 691 2074 libero,
706 2001 739 2053 ut
753 1993 913 2073 quondam,
929 1995 1004 2072 quid
1021 1997 1151 2060 firmaret

134 2086 307 2142 mutaretve.

202 2167 252 2230 61.
271 2167 364 2227 Primi
382 2169 513 2228 omnium
534 2167 654 2247 Ephesii
671 2170 784 2250 adiere,
804 2177 1005 2232 memorantes
1026 2192 1106 2257 non,
1125 2184 1151 2236 ut

136 2257 240 2336 vulgus
260 2255 408 2335 crederet,
428 2255 549 2316 Dianam
563 2264 651 2336 atque
666 2257 829 2337 Apollinem
844 2258 915 2319 llelo
929 2263 1070 2338 genitos:
1091 2282 1149 2326 esse

135 2347 213 2425 apud
232 2363 264 2405 se
284 2343 469 2405 Cenchreum
488 2363 612 2426 amnem,
631 2345 732 2407 lucum
751 2347 914 2428 Ortygiam,
933 2345 987 2408 ubi
1007 2349 1150 2414 Latonam

135 2443 221 2514 partu
241 2432 390 2513 gravidam
409 2440 439 2493 et
458 2432 552 2513 oleae,
576 2453 650 2513 quae
670 2443 733 2496 tum
753 2438 841 2496 etiam
861 2443 991 2517 maneet,
1017 2439 1149 2503 adulsam

108 2524 263 2585 cedidisse
287 2539 321 2581 ea
344 2523 477 2601 numina,
506 2522 689 2602 deorumque
717 2526 831 2585 monitu
859 2531 1010 2586 sacratum
1036 2546 1150 2608 nemus,

135 2622 224 2692 atque
242 2614 340 2688 ipsum
363 2608 423 2669 illic
442 2609 605 2688 Apollinem
631 2619 697 2690 post
718 2613 890 2673 interlectos
909 2611 1057 2694 Cyclopas
1078 2617 1150 2680 loris

135 2704 210 2761 iram
224 2700 370 2758 vitavisse.
399 2716 465 2757 mox
480 2698 620 2761 Liberum
634 2707 762 2780 patrem,
777 2699 854 2761 bello
868 2701 1024 2784 victorem,
1038 2706 1150 2787 suppli·

135 2787 220 2848 cibus
239 2786 431 2866 Amazonum,
450 2806 525 2866 quae
544 2806 624 2848 aram
643 2788 818 2869 insiderant,
837 2790 996 2868 ignovisse.
1032 2803 1149 2856 auctam

136 2876 205 2936 hinc
224 2891 368 2934 concessu
387 2874 536 2957 Herculis,
555 2895 623 2937 cum
642 2875 731 2955 Lydia
751 2884 917 2957 poteretur,
936 2881 1149 2944 caerimoniam

96 2980 121 3020 10
137 2963 259 3042 templo,
278 2981 374 3042 neque
388 2963 547 3026 Persarum
561 2965 677 3025 dicione
692 2965 877 3027 deminutum
891 2967 952 3048 ius3
970 2976 1043 3045 post
1057 2969 1149 3034 blace-

133 3053 237 3132 dcnaS,
253 3051 389 3112 cicinnos
405 3055 575 3113 servavisse.
867 3086 897 3163 ,s

207 3222 251 3289 60,
272 3228 287 3276 9
307 3223 496 3291 protegentes,
515 3239 563 3278 em.
581 3221 732 3278 Rhenanus
747 3226 752 3290 Ι
768 3222 908 3293 civitatis,
927 3241 976 3280 em.
995 3227 1070 3284 idem
1087 3230 1148 3297 161,

136 3299 151 3347 2
166 3292 197 3346 in
210 3291 280 3347 Delo
294 3293 494 3364 Bezzenberger
509 3296 514 3363 Ι
530 3291 724 3348 ddenchrium
738 3294 907 3363 Beroaldoe;
925 3314 952 3350 ει
965 3296 1149 3372 aquamque

137 3379 152 3418 e
167 3365 305 3433 producta
319 3379 444 3432 cupresso
457 3369 503 3431 eet,
521 3368 553 3419 ut
567 3367 592 3430 3,
608 3369 644 3420 63
657 3367 689 3420 in
702 3365 818 3434 Dareus,
838 3367 872 3435 cf.
886 3366 1048 3424 Alabandei
1060 3370 1149 3427 Aetoli

135 3450 241 3490 veroum
259 3428 277 3503 ἦ
296 3430 323 3488 τ’
345 3433 392 3490 ἐπὶ
410 3436 552 3504 Κεγχρείῳ
571 3436 664 3503 τίμιον
683 3434 762 3491 οἷκον
782 3435 839 3506 ἔχει
858 3439 890 3492 iu
909 3438 1048 3496 Manebit
1067 3442 1148 3497 Auel.
1168 3502 1170 3511 Ι

135 3504 214 3561 Aleae.
229 3522 259 3574 p.
278 3509 336 3562 225
357 3508 361 3576 Ι
382 3511 398 3560 3
417 3504 511 3558 lucum
529 3505 657 3576 Lipsius:
680 3506 773 3562 locum
789 3509 793 3577 Ι
810 3513 826 3562 t
845 3507 887 3579 et]
906 3506 933 3562 ei
951 3508 1170 3584 Bormoepr·
