2408 3870
110 177 175 241 252
464 175 633 232 CORNELII
650 174 768 230 Tacui

111 328 246 386 iuvantes
270 327 300 385 in
320 327 426 404 vicem,
450 342 508 402 qno
527 323 641 385 facilius
661 323 804 384 lubricam
823 325 968 402 principis
989 333 1137 406 aetatem,

111 416 137 474 si
156 416 295 475 virtutem
315 420 538 493 aspernaretur,
562 411 761 491 voluptatibus
781 414 930 472 concessis
949 415 1133 475 retinerent

111 510 261 563 certamen
275 504 395 580 utrique
407 519 497 562 tinum
509 508 572 561 erat
582 511 683 561 contra
695 501 834 561 ferociam
845 501 1036 581 Agrippinae,
1054 521 1132 581 quae

111 593 227 651 cunctis
247 590 339 650 malae
358 591 565 650 dominationis
585 589 773 667 cupidinibus
797 589 923 667 llagrans
945 589 1082 651 habebat
1100 595 1132 652 in

73 693 99 732 1⁰
113 679 247 759 partibus
261 678 434 757 Pallantem,
455 695 513 755 quo
532 685 653 738 auctore
668 677 806 738 Claudius
826 679 938 756 nuptiis
956 680 1087 739 incestis
1103 689 1134 741 et

113 768 269 847 adoptione
289 768 411 827 exitiosa
431 774 525 825 semet
544 773 734 843 perverterat.
764 765 815 826 sed
835 783 931 844 neque
950 765 1067 827 Neroni
1088 771 1132 829 in·

113 857 156 916 ira
171 857 272 916 servos
286 857 446 933 ingenium,
460 860 490 913 et
504 852 599 914 Pallas
613 856 692 915 tristi
706 854 875 933 adrogantia
889 854 1009 914 modum
1026 855 1134 918 liberti

112 962 250 1023 egressus
274 943 402 1003 taedium
427 944 472 1002 sui
496 951 635 1003 moverat.
671 941 820 1021 propalam
844 951 941 1002 tamen
966 961 1076 1005 omnes
1101 949 1133 1006 in

113 1049 177 1092 eam
192 1031 320 1091 honores
335 1029 573 1110 cumulabantur,
588 1032 764 1110 signumque
780 1048 861 1091 more
876 1030 997 1091 militiae
1011 1037 1134 1110 petenti

74 1134 99 1175 1⁵
113 1119 234 1181 tribuno
254 1118 335 1179 dedit
353 1121 479 1197 optimae
499 1120 610 1179 matris.
638 1119 750 1180 decreti
769 1127 799 1179 et
817 1138 833 1179 a
848 1129 953 1179 senatu
967 1119 1028 1199 dno
1045 1120 1133 1182 licto·
1171 1130 1177 1136 ’

114 1226 175 1288 res,
195 1208 363 1267 demonium
380 1206 539 1288 Glandiale,
559 1206 647 1267 simul
662 1207 783 1269 Claudio
803 1209 970 1268 censorium
989 1207 1087 1270 innuis
1103 1220 1136 1272 et

113 1315 181 1357 mox
196 1298 389 1357 consecratio.

179 1383 209 1446 3.
233 1384 285 1445 bie
308 1385 421 1446 luneris
445 1383 641 1445 laudationem
666 1387 730 1446 eius
756 1387 895 1464 princeps
922 1397 1057 1445 exorsus
1077 1395 1134 1470 est,

114 1475 184 1535 dnm
198 1475 403 1552 antiquitatem
418 1475 549 1554 generis,
564 1472 735 1534 consulatus
749 1492 783 1534 ac
797 1473 964 1552 triumphos
979 1476 1134 1536 maiorum

114 1563 318 1644 enumerabat,
342 1565 474 1623 intentus
492 1565 556 1641 ipse
575 1569 606 1622 et
624 1563 729 1643 ceteri3
751 1560 917 1623 liberalium
941 1579 1065 1641 quoqne
1086 1582 1133 1625 ar·

114 1654 187 1712 tium
208 1653 447 1712 commemoratio
462 1658 492 1711 et
506 1650 580 1710 nihil
593 1660 714 1729 regente
729 1669 763 1711 co
779 1653 863 1710 triste
879 1653 923 1710 rei
937 1649 1079 1728 publicae
1094 1653 1135 1713 ab

88 1741 246 1800 sexternis
265 1739 407 1800 accidisse
431 1741 533 1818 pronis
556 1740 661 1800 animis
685 1738 796 1800 audita:
818 1747 975 1817 postquam
998 1738 1036 1799 ad
1062 1759 1134 1819 pro-

115 1829 273 1888 videntiam
289 1829 521 1906 sapientiamque
536 1827 631 1907 flexit,
645 1846 732 1888 nemo
746 1829 821 1887 risui
835 1835 1010 1908 temperare,
1026 1846 1133 1906 quam-

115 1935 203 1995 quam
223 1919 316 1977 oratio
336 1935 352 1975 a
372 1916 484 1977 Seneca
504 1919 666 1994 composita
685 1915 809 1977 multum
829 1915 927 1976 cultus
950 1915 1136 1998 praeferret,

115 2014 148 2064 nt
167 2005 223 2065 luit
242 2004 284 2063 illi
302 2006 365 2063 viro
384 2005 535 2082 ingenium
553 2022 707 2065 amoenum
723 2013 753 2065 et
766 2006 909 2083 temporis
924 2005 988 2064 cius
1003 2005 1139 2068 auribus

115 2092 377 2153 adcommodatum.
406 2090 583 2151 adnotabant
599 2094 738 2173 seniores,
754 2091 863 2171 quibus
877 2093 1005 2152 otiosum
1019 2101 1070 2154 est
1084 2113 1138 2156 ve·-

76 2195 104 2234 m
116 2189 178 2240 tera
194 2186 224 2239 et
237 2180 405 2257 praesentia
419 2179 608 2259 contendere,
622 2181 750 2256 primum
761 2182 852 2262 exiis,
867 2182 918 2260 qui
928 2198 1029 2241 rerum
1041 2186 1135 2260 potiti

116 2275 224 2347 essent,
238 2266 386 2327 Neronem
397 2266 507 2328 alienae
522 2267 676 2329 facundiae
692 2272 817 2347 eguisse.
840 2286 908 2329 nam
918 2268 1048 2329 dictator
1059 2270 1138 2333 Cae·

116 2375 164 2417 sar
179 2356 303 2416 summis
317 2355 485 2417 oratoribus
505 2356 651 2437 aemulus3
671 2366 700 2418 et
714 2359 846 2437 Augusto
860 2363 996 2436 prompta
1011 2375 1047 2418 ac
1062 2378 1134 2438 pro·

116 2445 211 2507 llnens
231 2463 365 2524 quaeque
385 2445 504 2506 deceret
522 2448 687 2525 principem
707 2446 874 2526 eloquentia
894 2445 958 2506 luit.
986 2445 1137 2510 Tiberius

115 2543 209 2595 artem
229 2552 347 2614 quoqne
367 2533 503 2616 callebat,
527 2552 584 2613 qna
604 2534 693 2594 verba
713 2535 905 2614 expenderet,
930 2541 993 2594 tum
1012 2535 1135 2598 validus

76 2636 102 2677 1⁵
117 2623 254 2684 sensibus
273 2631 324 2683 aut
343 2623 477 2684 consulto
498 2623 661 2702 ambiguus.
690 2625 776 2683 etiam
792 2623 845 2682 Gai
860 2622 993 2683 Caesaris
1008 2623 1134 2686 turbata

114 2729 199 2771 mons
213 2713 272 2771 vim
286 2712 403 2772 dicendi
418 2729 477 2771 non
492 2715 634 2791 corrupit.
658 2728 713 2773 nec
727 2713 758 2772 in
768 2710 899 2792 Claudio,
914 2713 1053 2790 quotiens
1069 2732 1134 2775 me·

115 2798 206 2858 ditata
220 2798 389 2879 dissereret,
403 2799 576 2878 elegantiam
591 2803 768 2880 requireres.
796 2798 874 2860 Nero
888 2798 1056 2878 puerilibus
1072 2809 1134 2863 sta·

115 2887 168 2946 tim
183 2887 268 2944 annis
282 2886 411 2947 vividum
425 2890 554 2948 animum
569 2890 600 2949 in
619 2888 673 2949 alia
693 2888 830 2949 detorsit:
850 2887 975 2969 caelare,
993 2890 1137 2972 pingere,

116 2981 221 3035 cantus
236 2979 286 3033 ant
300 2975 433 3051 regimen
448 2993 592 3054 equorum
607 2994 760 3057 exercere3
775 2983 805 3038 ct
819 2975 975 3056 aliquando
990 2981 1134 3040 carmini-

71 3074 102 3117 ao
115 3061 172 3123 bus
186 3061 350 3140 pangendis
365 3063 463 3123 inesse
478 3063 535 3123 sibi
550 3063 694 3126 elementa
709 3065 860 3126 doctrinae
875 3063 1060 3127 ostendebat

181 3148 211 3212 4.
234 3149 373 3211 Ceterum
387 3153 516 3230 peractis
530 3153 668 3214 tristitiae
683 3155 874 3215 imitamentis
888 3155 1000 3214 curiam
1014 3155 1133 3234 ingres·

114 3257 166 3301 sus
181 3246 211 3300 et
226 3239 263 3300 de
277 3242 453 3300 auctoritate
472 3249 590 3319 patrum
609 3249 640 3302 et
657 3259 805 3303 consensu
824 3240 950 3303 militum
968 3243 1135 3326 praelatus,

185 3375 260 3442 218
281 3390 348 3429 suae
365 3377 369 3442 Ι
386 3380 419 3429 15
439 3376 499 3429 etas
519 3376 619 3431 senatu
634 3378 640 3446 Ι
656 3382 689 3431 16
709 3374 865 3430 flaminim
882 3377 918 3431 oi.
933 3376 968 3444 cf.
982 3378 1061 3446 odd,
1077 3379 1132 3451 161

108 3441 139 3512 a,
161 3451 194 3500 10
212 3444 329 3514 hialin
356 3461 482 3516 quaeque
502 3446 627 3502 Ernestie
652 3462 724 3516 qnae
739 3452 744 3518 t
761 3453 794 3503 ta
814 3445 842 3501 Ο.
864 3445 978 3502 Caesari
995 3447 1136 3506 Heinsius

74 3548 78 3555 -
110 3510 118 3583 l
141 3519 174 3570 17
194 3514 398 3571 dissererentur
413 3518 417 3588 Ι
433 3517 459 3585 4,
480 3523 495 3572 2
516 3523 652 3572 consensit
