2392 3876
252 184 300 238 AB
318 181 479 239 Excussi}
496 181 652 238 Audust‘i
669 182 740 238 x1v.
761 189 874 240 ιι-ιο.
1000 183 1065 248 297

59 333 205 414 delectus,
228 332 434 413 Cappadocum
457 350 493 393 er
517 331 682 412 nobilitate,
709 334 789 410 regis
807 332 942 393 Archelai
964 324 1068 413 nepos,

60 421 111 482 sed
132 422 209 500 quod
230 421 280 483 diu
300 421 388 483 obses
406 421 483 500 apud
502 420 607 483 urbem
626 422 735 501 fuerat,
757 439 852 500 usque
873 421 909 481 ad
929 422 1065 482 servilem

59 513 230 589 patientiam
246 511 404 572 demissus.
432 528 488 570 nec
506 528 654 571 consensu
675 518 826 589 acceptus,
845 508 969 570 durante
989 509 1065 588 apud

60 599 202 678 quosdam
226 600 323 660 favore
349 599 564 660 Arsacidarum.
603 606 633 659 at
653 598 787 677 plerique
809 598 977 677 superbiam
997 598 1066 658 Par·
1080 615 1109 655 ιο

59 687 180 748 thorum
198 690 297 767 perosi
316 688 416 749 datum
436 706 452 748 a
470 687 609 748 Romanis
627 705 728 766 regem
747 686 902 747 malebant.
936 686 1067 748 additum

60 779 87 836 ei
106 778 286 856 praesidium
306 776 386 837 mille
404 775 571 854 legionarii,
589 785 651 837 tres
666 777 814 836 sociorum
828 774 966 836 cohortes
980 775 1067 836 duae-

60 883 117 944 que
137 867 271 944 equitum
290 864 365 944 alae,
388 871 496 943 eiquo
516 864 630 926 facilius
648 882 758 925 novum
776 882 900 943 regnum
924 871 1068 943 tueretur,

59 961 160 1031 partes
170 953 334 1032 Armeniae,
348 960 382 1014 ut
392 955 499 1032 cuique
513 953 646 1033 finitima,
659 952 849 1014 Pharasmani
858 951 1068 1031 Polemonique

60 1050 90 1100 et
110 1040 291 1101 Aristobulo·
303 1049 391 1119 atque
411 1040 557 1102 Antiocho
578 1059 683 1120 parere
704 1043 802 1102 iussae
825 1048 902 1103 sunt.
939 1040 1067 1102 Corbulo
1082 1056 1112 1098 ιο

60 1131 91 1188 in
113 1128 230 1189 Suriam
253 1127 409 1211 abscessit,
429 1136 525 1191 morte
545 1129 686 1191 Ummidii
706 1129 794 1208 legati
814 1147 934 1190 vacuam
957 1148 990 1202 ac
1012 1128 1069 1190 sibi

59 1234 241 1296 permissam.

127 1304 178 1367 27.
197 1305 309 1366 Eodem
328 1323 404 1366 anno
424 1324 460 1366 ex
478 1304 655 1366 inlustribus
673 1305 759 1366 Asiae
778 1305 904 1367 urbibus
925 1305 1069 1367 Laodicea

60 1403 190 1455 tremore
213 1404 311 1454 terrae
334 1394 483 1474 prolapsa,
510 1394 591 1455 nullo
615 1412 635 1454 o
659 1393 744 1453 nobis
767 1393 912 1474 remedio,
939 1396 1068 1472 propriis

61 1482 167 1561 opibus
180 1483 319 1544 revaluit.
347 1491 377 1543 at
394 1485 426 1543 in
444 1482 526 1543 ltalia
544 1491 629 1543 vetus
648 1481 788 1561 oppidum
801 1480 917 1542 Puteoli
931 1485 977 1542 ins
992 1480 1068 1542 colo-

61 1574 127 1631 niae
147 1579 178 1632 et
196 1579 423 1649 cognomentum
438 1589 454 1631 a
468 1570 584 1631 Nerone
604 1572 785 1648 apiscuutur.
813 1573 946 1630 veterani
959 1569 1068 1630 Taren-

61 1669 125 1720 tum
147 1667 176 1720 et
197 1661 317 1720 Antium
338 1660 480 1738 adscripti
500 1677 560 1719 non
580 1666 679 1719 tamen
699 1659 914 1738 infrequentiae
935 1658 1099 1718 locorums

62 1748 241 1828 subvenere,
260 1747 381 1827 dilapsis
394 1747 530 1827 pluribus
544 1750 575 1807 in
588 1748 768 1827 provincias,
787 1750 817 1807 in
838 1745 945 1826 quibus
960 1749 1069 1826 stipen-

62 1837 109 1896 dia
130 1836 331 1916 expleveram3
350 1854 447 1915 neque
467 1838 612 1915 coniugiis
631 1836 828 1915 suscipiendis
845 1853 942 1914 neque
957 1834 1069 1896 alendis

62 1925 164 1985 liberis
188 1928 265 1986 sueti
287 1925 375 2000 orbas
399 1927 462 1985 sine
485 1926 613 2003 posteris
636 1925 738 1984 domos
761 1923 976 2003 relinquebant.
1010 1941 1070 1985 non

62 2015 150 2094 enim,
165 2022 197 2074 ut
212 2013 294 2092 olim,
309 2016 463 2075 universae
478 2013 608 2092 legiones
623 2012 844 2073 deducebantur
859 2031 927 2074 cum
941 2011 1069 2072 tribunis

62 2110 91 2162 ct
110 2102 335 2163 centurionibus
355 2108 385 2163 et
404 2103 450 2162 sui
469 2104 613 2182 cuiusque
632 2101 746 2162 ordinis
768 2100 925 2181 militibus,
946 2108 980 2162 ut
1001 2117 1069 2161 con·
1084 2117 1112 2158 ιο

62 2209 152 2251 sensu
167 2200 197 2250 ct
212 2193 334 2251 caritate
348 2209 412 2251 rem
426 2189 574 2269 publicam
590 2190 751 2272 efficerent,
766 2190 817 2250 sed
832 2191 927 2268 ignoti
940 2192 1018 2250 inter
1029 2207 1069 2270 se,

63 2279 187 2339 diversis
215 2279 387 2361 maniprdis,
415 2282 479 2340 sine
506 2287 636 2358 rectore,
665 2280 729 2339 sine
757 2278 922 2340 adfectibus
949 2280 1070 2357 mutuis,

62 2369 147 2445 quasi
170 2384 206 2426 ex
230 2367 285 2427 alio
309 2385 418 2445 genere
440 2366 609 2428 mortalium
632 2374 755 2446 repente
778 2368 809 2427 in
832 2384 925 2427 unum
946 2366 1071 2446 collecti,

62 2473 205 2515 numerus
219 2457 311 2533 magis
326 2472 414 2535 quam
428 2454 549 2517 colonia.

130 2539 181 2604 28.
209 2541 332 2603 Comitia
360 2549 530 2621 praetorum
558 2543 681 2602 arbitrio
709 2548 829 2603 senatus
852 2540 955 2601 haberi
978 2540 1073 2622 solita,

64 2631 142 2710 quod
167 2633 282 2690 acriore
301 2631 412 2691 ambitu
432 2637 615 2710 exarserant,
639 2631 778 2709 princeps
801 2631 980 2708 composuit,
1007 2631 1071 2709 tris,

64 2721 114 2797 qui
129 2736 218 2796 supra
233 2737 391 2780 numerum
403 2718 556 2800 petebant,
574 2718 683 2797 legioni
696 2717 903 2797 praeficiendo.
931 2720 1071 2797 auxitque

63 2813 181 2886 patrum
205 2806 347 2867 honorem
363 2807 519 2868 statuendo
534 2815 580 2887 ut,
605 2808 655 2886 qui
678 2824 694 2866 a
717 2807 840 2884 privatis
862 2805 1012 2867 iudicibus
1035 2805 1072 2866 ad

63 2903 197 2956 senatum
222 2898 474 2999 provocavissent,
498 2895 631 2956 eiusdem
650 2896 793 2973 pecuniae
812 2893 977 2973 periculum
996 2895 1101 2955 face-s

62 2991 138 3064 rent,
153 3001 238 3044 cums
249 3002 276 3043 sr
287 3002 337 3062 qur
346 2986 555 3063 imperatorem
565 2982 759 3064 appellarent
774 3000 841 3043 nam
852 2991 936 3043 antea
947 3000 1072 3044 vacuum

134 3101 179 3166 26,
200 3108 215 3155 '1
243 3117 383 3171 pronepos
406 3102 565 3172 Nipperdey
581 3104 586 3170 1
602 3108 618 3157 9
637 3116 689 3154 nec
713 3100 894 3156 Puteolanus:
920 3115 955 3153 ne
972 3103 976 3166 Ι
994 3106 1026 3153 12
1046 3097 1073 3153 ei

62 3172 209 3227 Heinsius.
230 3172 278 3242 etl
296 3171 604 3298 13[[et}⁰Frcinsbeiml
621 3173 919 3293 14partesuossupicrs
936 3169 1073 3237 {Pharas-

63 3241 141 3296 moni
158 3241 358 3310 Polemonique
440 3241 490 3298 Fr.
511 3243 677 3298 Gronovius:
701 3257 766 3311 pars
791 3240 1072 3310 nip1que116ac·

63 3313 161 3381 cessit,
189 3331 237 3368 em.
256 3313 372 3384 Lipsius
388 3319 392 3382 Ι
408 3313 454 3380 27,
473 3319 593 3368 Aaou
610 3316 664 3380 112
684 3328 699 3366 o
717 3310 869 3380 manipulis
886 3311 1072 3394 Nipperdepl

63 3381 109 3450 28,
128 3384 238 3452 2quod
259 3385 440 3440 Puteolanus:
461 3399 516 3451 quo
535 3382 679 3453 (quoniam
697 3383 801 3452 Haase)
818 3384 854 3451 16
874 3398 899 3436 s1
916 3398 978 3437 nos:
997 3381 1075 3452 is(i1

62 3454 109 3522 of.)
99 3455 324 3539 >lappellarant
341 3471 391 3511 uos
408 3461 434 3510 ct
453 3456 584 3525 Mcdcip:
609 3453 801 3524 appellauero,
826 3454 898 3523 quod
916 3459 1075 3524 corruptum

62 3539 116 3583 esee
133 3526 190 3581 iam
208 3542 241 3581 ex
258 3532 375 3596 tempore
387 3528 508 3597 perfecto
521 3533 643 3596 apparet.
