2392 3876
112 189 177 255 236
461 187 630 244 CORNELII
646 187 765 244 TACITI

112 357 179 399 men
193 339 323 416 integras
339 356 387 399 res
401 340 522 419 invenit,
536 338 658 398 adversa
672 340 792 399 interim
806 336 930 417 legionis
945 358 1065 422 pugna,
1081 343 1133 402 eui

111 426 237 488 Manlius
257 425 361 488 Valens
382 435 530 508 praeerat,
551 434 695 504 auctaque
717 434 748 487 et
768 427 845 505 apud
866 427 969 488 hostes
991 430 1064 488 eius
1086 432 1131 490 rei

84 516 199 596 alama,
219 534 278 594 quo
297 517 463 576 venientem
482 516 587 576 ducem
606 522 805 597 exterrerent,
822 524 910 594 atque
929 514 981 576 illo
995 525 1131 596 augente

111 605 223 684 andita,
247 612 281 665 ut
298 606 392 664 maior
415 603 480 664 lans
504 605 659 682 compositi
682 603 740 684 vel,
764 606 790 664 si
812 603 1015 684 duravissent,
1041 607 1130 667 venia

110 694 217 754 iustior
240 691 430 753 tribueretur.
467 691 580 752 Silures
604 692 633 752 id
658 710 776 771 quoque
799 691 936 753 damnum
959 692 1132 756 intulerant

111 782 226 861 lateque
247 778 463 859 persultabant,
484 780 579 840 donec
600 780 729 841 adcursu
747 779 824 841 ilidii
844 780 1040 859 pellerentur.
1075 784 1130 844 sed

112 879 180 949 post
198 878 317 947 captum
332 867 505 928 Caratacum
523 870 702 947 praecipuus
721 870 844 930 scientia
858 870 903 930 rei
916 869 1058 932 militaris
1073 871 1131 933 Ve-

73 959 228 1036 ranutius,
247 975 263 1016 e
282 954 455 1034 Brigantum
473 958 604 1035 civitate,
627 964 661 1017 ut
680 959 962 1038 supramemoravi,
984 958 1130 1040 fidusque

111 1046 162 1106 diu
177 1051 206 1104 et
219 1042 359 1104 Romanis
373 1047 463 1105 armis
482 1044 635 1126 defensus,
654 1064 722 1107 oum
736 1045 973 1107 Cartimanduam
987 1049 1131 1126 reginam

111 1134 297 1194 matrimonio
312 1139 440 1213 teneret3
459 1150 527 1193 mox
541 1143 607 1194 orto
626 1134 750 1195 discidio
770 1141 799 1194 et
817 1137 916 1196 statim
935 1133 1013 1195 bello
1035 1139 1131 1198 etiam

111 1221 253 1282 adversus
268 1238 322 1281 nos
335 1179 453 1282 hostilia
468 1222 613 1283 induerat.
641 1223 691 1283 sed
707 1225 803 1301 primo
817 1230 932 1284 tantum
946 1225 1052 1284 inter
1043 1244 1131 1305 ipsos

111 1308 294 1414 certabatur,
311 1309 483 1389 callidisque
503 1303 709 1372 Cartimandua
728 1311 842 1372 artibus
860 1312 982 1372 fratrem
1000 1330 1038 1374 ac
1057 1332 1131 1393 pro-

72 1414 97 1454 15
111 1400 239 1503 pinques
253 1397 372 1459 Venutii
389 1400 556 1478 intercepit.
593 1399 661 1460 inde
680 1402 799 1460 accensi
816 1400 930 1479 hostes,
950 1402 1131 1464 stimulante

111 1489 284 1568 ignominia,
308 1505 345 1548 ne
364 1487 516 1548 feminae
508 1490 633 1566 imperio
652 1487 865 1568 subderentur,
883 1447 977 1549 valida
996 1498 1028 1550 et
1049 1491 1132 1554 lecta

112 1579 201 1637 armis
210 1577 349 1637 iuventus
359 1594 484 1654 regnum
499 1577 727 1638 eiusinvadunt.
750 1577 828 1656 quod
844 1576 930 1639 nobis
943 1581 1132 1662 praevisum,

112 1674 141 1727 et
156 1667 262 1726 missae
277 1663 384 1725 auxilio
399 1665 537 1725 cohortes
551 1683 619 1726 acre
637 1665 782 1744 proelium
802 1666 912 1747 iecere,
931 1668 1018 1727 cuins
1037 1669 1131 1730 initio

112 1754 249 1832 ambiguo
268 1754 334 1813 linis
353 1752 457 1813 laetior
475 1753 540 1813 luit.
568 1772 665 1832 neque
679 1754 792 1832 dispari
805 1762 912 1815 eventu
926 1764 1095 1834 pugnatum
1113 1779 1131 1819 a

72 1857 98 1896 1ο
112 1842 240 1922 legione,
260 1843 309 1902 cui
323 1840 444 1902 Caesius
458 1840 562 1903 Nasica
581 1850 730 1923 praeerat3
748 1860 817 1903 nam
831 1841 948 1923 Didius,
967 1853 1131 1906 senectute

112 1933 208 2009 gravis
229 1937 258 1990 et
277 1929 367 1990 multa
387 1932 470 2009 eopia
488 1930 647 2011 honorum,
670 1948 724 2010 per
743 1933 895 1991 ministros
916 1941 1058 2009 agere'et
1079 1953 1130 1996 ar·

112 2037 179 2080 cere
198 2018 313 2078 hostem
332 2020 404 2079 satis
422 2017 556 2078 habebat.
593 2019 678 2099 haec,
697 2037 876 2098 quamquam
895 2037 911 2080 a
930 2019 1049 2082 duobus
1069 2042 1130 2102 pro

111 2105 298 2187 praetoribus
312 2105 413 2185 plures
427 2124 481 2184 per
496 2124 588 2167 annos
602 2113 697 2187 gesta,
715 2109 869 2187 coniunxi,
883 2126 920 2168 ne
935 2108 1029 2169 divisa
1043 2109 1129 2173 haud

111 2194 234 2274 perinde
257 2194 293 2254 ad
316 2197 488 2256 memoriam
512 2196 559 2255 sui
577 2194 721 2256 valerent:
744 2196 781 2256 ad
799 2204 967 2275 temporum
986 2197 1129 2261 ordinem

71 2299 97 2340 25
110 2284 208 2344 redeo.
869 2327 871 2330 ι

177 2369 229 2432 41.
253 2371 297 2432 Ti.
319 2371 440 2433 Claudio
464 2373 601 2450 quintum
620 2371 722 2433 Servio
742 2372 879 2435 Cornelio
898 2373 991 2435 Orllto
1014 2393 1128 2437 consu-

111 2461 189 2522 libus
208 2461 302 2521 virilis
319 2468 388 2538 toga
406 2459 516 2521 Neroni
534 2468 692 2540 maturata,
711 2479 770 2540 quo
788 2462 986 2540 capessendae
1003 2465 1051 2523 rei
1068 2483 1127 2542 pn·

111 2550 205 2611 blieae
223 2548 329 2610 habilis
348 2548 507 2609 videretur.
539 2555 569 2609 et
587 2548 693 2609 Caesar
712 2549 930 2611 adulationibus
948 2558 1071 2612 senatus
1089 2553 1126 2613 li·

111 2637 186 2699 bens
201 2640 299 2718 cessit,
313 2643 348 2697 ut
361 2637 522 2697 vicensimo
537 2639 642 2697 aetatis
656 2655 733 2698 anno
747 2637 931 2700 consulatum
941 2637 1019 2698 Nero
1030 2641 1127 2702 iniret

85 2739 98 2779 ⁵
112 2732 200 2803 atque
210 2727 328 2785 interim
340 2725 511 2803 designatus
520 2725 731 2804 proconsulare
745 2729 903 2806 imperium
918 2733 1000 2788 extra
1014 2727 1125 2790 urbem

31 2828 32 2831 ’
110 2811 234 2872 haberet
248 2830 281 2872 ao
295 2815 435 2892 princeps
449 2816 612 2874 iuventutis
626 2814 831 2893 appellaretur.
855 2814 987 2876 additum
1001 2819 1125 2878 nomine

112 2903 176 2962 eius
191 2898 360 2960 donativum
376 2901 476 2980 militi,
494 2903 677 2980 congiarium
696 2901 801 2981 plebei.
830 2912 859 2963 et
876 2902 992 2964 ludicro
1006 2905 1124 2965 circen·

112 2992 188 3051 sium
189 2987 289 3069 ,quod
305 2988 496 3066 adquirendis
510 2989 590 3068 vulgi
604 2990 711 3050 studiis
721 2991 872 3072 edebatur,
887 2991 1098 3053 Britannicus
1090 3012 1124 3054 111

182 3107 228 3174 40,
246 3113 263 3162 4
291 3105 330 3177 et]
358 3105 402 3159 est
419 3105 579 3186 Nipperdey
607 3109 702 3175 (aucta
729 3109 1124 3191 11111ῌ1111111)111111]

111 3178 174 3250 ipso
192 3178 357 3246 1111111116
376 3175 540 3245 compositis
558 3178 683 3247 Lipsius,
710 3179 859 3248 compositi
883 3179 953 3240 belli
977 3180 1124 3263 Pluygers,

112 3253 146 3318 cf.
170 3249 247 3307 01111.
267 3248 335 3304 Her.
354 3247 427 3310 XII,
447 3252 484 3302 16
511 3251 638 3303 servatus
661 3249 754 3332 glqria
771 3250 863 3305 maior
881 3266 936 3306 ero
953 3252 1015 3331 110
1026 3266 1041 3305 e
1060 3250 1124 3304 Β11-

111 3324 229 3390 gentum
239 3319 382 3390 Agricola:
401 3316 565 3388 eugenium
580 3325 584 3389 1
603 3325 634 3374 17
645 3320 754 3390 regiam
762 3322 922 3392 Nipperdey
938 3325 942 3390 1
960 3328 992 3376 ts
1006 3319 1124 3376 initium

112 3389 1124 3462 111111111011111111111111111111111111111111111111111τὶ1

111 3464 140 3530 (i.
161 3480 181 3516 1.
190 3410 325 3531 Ostorio)
344 3460 476 3528 didioquo
502 3462 506 3529 1
530 3467 565 3515 24
587 3461 717 3531 prsoind
745 3463 949 3534 1111111111
972 3460 1022 3531 tt,
1044 3463 1121 3519 tTi.

114 3531 605 3604 1111111111111111011111111111
