2392 3876
140 162 205 228 134
488 94 659 216 CORNEbII
676 159 797 216 ΤΑΟΙΤΙ

206 307 258 371 21.
278 309 385 370 Actum
404 309 511 371 dehinc
530 309 566 369 de
581 309 740 388 Calpurnio
751 309 873 390 Pisone,
891 307 985 370 nobih
1003 327 1039 370 ac
1059 309 1156 373 feroci

139 399 212 459 viro.
240 400 266 458 is
285 416 425 478 namque,
444 405 478 458 ut
495 397 610 476 rettuli,
630 416 785 459 cessurum
803 416 836 458 se
854 397 929 459 urbe
947 397 986 459 ob
1005 397 1156 461 factiones

139 493 346 549 accusatorum
368 489 400 546 in
424 493 528 547 senatu
551 485 750 546 clamitaverat
773 493 804 547 et
821 493 921 565 spreta
938 488 1078 564 potentia
1096 487 1155 551 Au·

139 583 242 653 gustae
261 574 379 636 trahere
398 576 494 635 iuius
513 572 703 653 Urgulaniam
720 574 867 654 domoque
886 575 1031 654 principis
1050 579 1156 638 excire

113 675 230 725 causus
248 668 319 723 erat.
353 680 427 741 quae
446 663 477 722 iu
495 679 636 740 praesens
655 661 793 723 Tiberius
811 662 937 724 civiliter
955 661 1077 724 habult:
1102 665 1155 726 sed

139 754 171 811 in
185 753 282 814 animo
295 749 464 811 revolvente
478 751 547 830 iras,
561 752 649 810 etiam
664 753 690 812 si
703 752 832 829 impetus
844 751 1016 812 offensionis
1028 751 1154 832 langue-

139 846 199 920 rat,
217 840 358 899 memoria
375 837 498 899 valebat.
530 837 667 899 Pisonem
681 837 714 909 Q.
729 839 856 900 Granius
875 841 983 900 secreti
1002 844 1155 903 sermonis

139 928 285 987 incusavit
303 926 460 986 adversum
482 928 666 988 maiestatem
687 926 794 1008 habiti,
817 926 982 1006 adiecitque
1006 930 1038 989 in
1063 929 1154 992 domo

140 1016 206 1075 eius
219 1032 366 1074 venenum
380 1032 446 1075 esse
460 1033 587 1093 eumque
601 1015 697 1093 gladio
711 1018 878 1077 accinctum
891 1018 1016 1076 introire
1026 1020 1154 1079 curiam.

100 1116 126 1156 10
141 1101 220 1182 quod
234 1109 269 1162 ut
281 1104 411 1163 atrocius
425 1121 495 1163 vero
509 1104 694 1185 tramissnm3
709 1111 885 1184 ceterorum,
900 1122 975 1184 quae
989 1104 1088 1166 multa
1103 1125 1153 1168 cu·

139 1189 342 1271 mulabantur,
364 1199 503 1270 receptus
521 1198 567 1252 est
585 1210 668 1270 reus,
691 1211 789 1271 neque
807 1200 946 1271 peractus
964 1192 1003 1253 ob
1021 1202 1154 1256 mortem

141 1287 346 1359 opportunam.
369 1279 496 1341 relatum
510 1288 540 1340 et
554 1280 590 1340 de
601 1280 701 1341 Cassio
711 1280 821 1341 Severo
835 1279 930 1360 exule,
944 1283 997 1360 qui
1011 1282 1153 1344 sordidae

140 1370 276 1449 originis,
294 1368 443 1430 maleficae
461 1370 551 1449 vitae,
570 1368 622 1430 sed
640 1369 744 1430 orandi
757 1369 884 1450 validus,
901 1387 956 1448 per
974 1371 1153 1432 immodicas

139 1458 310 1518 inimicitias
324 1465 359 1519 ut
371 1458 482 1519 iudicio
500 1459 590 1519 iurati
608 1465 728 1518 senatus
743 1457 860 1518 Cretam
878 1464 1068 1518 amoveretur
1083 1460 1152 1521 elie·

99 1557 126 1599 1⁵
140 1553 234 1628 cerat3
257 1552 344 1626 atque
367 1546 427 1608 illic
450 1545 554 1607 eadem
576 1546 724 1607 actitando
747 1547 878 1607 recentia
901 1553 1063 1624 veteraque
1084 1548 1152 1609 odia

139 1634 278 1716 advertit,
301 1633 447 1714 bonisque
466 1642 586 1714 exutus,
604 1634 763 1694 interdicto
732 1635 844 1712 tigni
862 1640 950 1713 atque
969 1652 1058 1715 aqua,
1080 1653 1151 1698 saxo

139 1722 264 1802 Seripho
279 1724 442 1784 consenuit.

205 1809 257 1872 22.
276 1810 334 1871 Per
352 1810 431 1870 idem
448 1816 567 1912 tempus
585 1809 717 1871 Plautius
733 1809 868 1871 Silvanus
886 1816 1006 1889 praetor
1024 1812 1151 1874 incertis

139 1901 237 1961 causis
255 1897 413 1977 Aproniam
433 1900 588 1976 coniugem
607 1900 639 1959 in
656 1916 799 1977 praeceps
817 1900 888 1959 iecit
890 1905 1095 1978 ,tractusque
1114 1900 1148 1960 ad

139 1986 294 2048 Gaesarem
322 1985 359 2045 ab
381 1984 414 2045 L
432 1985 563 2064 Apronio
588 2004 692 2048 socero
718 1985 835 2047 turbata
859 1994 959 2048 mente
984 1989 1149 2076 respondit,

139 2075 311 2152 tamquam
303 2091 367 2152 rpse
382 2091 484 2135 somno
499 2076 596 2152 gravis
611 2083 699 2154 atque
714 2092 749 2135 eo
763 2076 893 2155 ignarus,
907 2083 938 2135 et
951 2093 1027 2135 uxor
1042 2085 1149 2154 sponte

112 2170 266 2222 omortem
284 2165 467 2240 sumpsisset.
503 2180 564 2223 non
583 2170 758 2224 cunctanter
776 2162 913 2224 'liberius
931 2165 1055 2242 pergit
1047 2181 1080 2224 m
1100 2165 1150 2226 do·

138 2269 229 2331 mum,
243 2251 312 2311 visit
325 2250 526 2332 cubiculum,
518 2269 549 2311 m
564 2269 622 2330 quo
636 2250 809 2312 reluctantis
824 2259 854 2312 et
867 2250 1010 2329 impulsae
1024 2256 1150 2332 vestigia

139 2338 346 2400 cernebantur.
378 2339 471 2400 refert
488 2339 524 2399 ad
544 2347 692 2420 senatum,
712 2340 846 2418 datisque
861 2339 1009 2400 iudicibus
1024 2339 1149 2420 Urgula-

138 2429 188 2489 nia
202 2426 313 2489 Silvani
331 2429 394 2488 avia
411 2429 570 2506 pugionem
588 2430 690 2507 nepoti
703 2429 793 2489 misit.
822 2427 900 2507 quod
913 2427 1037 2507 perinde
1051 2430 1149 2491 credi·

139 2524 211 2597 tum,
226 2519 310 2596 quasi
323 2518 467 2595 principis
481 2518 605 2598 monitu,
620 2515 659 2577 ob
673 2518 833 2577 amicitiam
846 2516 995 2594 Augustae
1010 2534 1079 2577 cum
1094 2517 1149 2579 Ur·

99 2618 125 2658 10
139 2605 264 2683 gulania.
295 2624 366 2666 reus
389 2605 500 2666 frustra
523 2612 665 2684 temptato
690 2606 770 2666 ferro
788 2623 877 2665 venas
896 2603 1034 2682 praebuit
1051 2607 1148 2666 exsol-

139 2692 257 2754 vendas.
295 2713 363 2754 mor
385 2692 576 2774 Numantina,
601 2695 685 2773 prior
709 2711 785 2754 uxor
810 2695 888 2772 eius,
914 2700 1051 2754 accusata
1072 2695 1148 2755 inie-

139 2781 216 2840 cisse
235 2781 416 2842 carminibus
435 2789 465 2843 et
483 2782 633 2843 veneficiis
648 2781 834 2843 vaecordiam
846 2783 966 2863 marito,
984 2783 1089 2842 insons
1104 2785 1148 2844 iu-

138 2868 262 2928 dicatur.

204 2951 256 3016 23.
271 2953 299 3015 ls
314 2955 433 3017 demum
447 2976 543 3018 annus
556 2957 699 3036 populum
713 2957 878 3018 Romanum
892 2957 980 3036 longo
990 2956 1149 3020 adversum

138 3043 294 3106 Numidam
313 3043 529 3105 Tacfarinatem
551 3045 628 3114 bello
651 3045 785 3107 absolvit.
821 3064 889 3107 nam
910 3048 1027 3125 priores
1047 3046 1149 3127 duces,

139 3133 192 3195 ubi
210 3132 394 3212 impetrando
414 3133 636 3212 triumphalium
655 3135 766 3212 insigni
784 3134 921 3196 sufficere
935 3151 985 3195 res
999 3152 1069 3195 suas
1083 3154 1148 3195 cre-

139 3222 289 3303 diderant,
307 3220 423 3281 hostem
442 3220 629 3282 omittebant·
621 3225 766 3303 ,iamque
785 3230 847 3283 tres
864 3221 1013 3283 laureatae
1027 3225 1058 3284 in
1073 3223 1148 3285 urbe

209 3356 255 3425 21,
275 3355 440 3413 ‘tPisonem
467 3353 498 3420 Q.
523 3353 642 3410 Granius
669 3357 796 3438 Lipsius.
821 3354 1005 3426 pisonemque
1031 3357 1149 3426 grauius

138 3426 338 3569 &1:322qu
350 3424 601 3484 mennamque
619 3433 651 3483 1⁷
667 3425 869 3484 ‘ierinffisssp
871 3428 951 3468 ΜΗ
943 3427 1049 3496 ’,ι128
1064 3427 1149 3492 subi
