2392 3876
276 187 324 242 AB
343 186 504 244 EXCESSU
520 185 676 243 AUGUSTI
693 187 751 243 XV.
771 195 885 245 stt-st.
1019 189 1082 259 351

77 340 209 400 ostentui
227 344 307 399 esset
325 337 451 398 multum
466 336 562 397 vitalis
576 339 700 416 spiritus
715 344 856 416 egestum.
885 337 997 399 Seneca
1010 339 1084 399 inte·
1099 350 1125 392 1⁰

76 429 142 507 rim,
157 426 282 487 durante
296 432 393 486 tractu
408 433 438 486 et
451 424 628 487 lentitudine
642 427 760 507 mortis,
783 425 909 487 Statium
924 427 1085 508 Annaeum,

76 515 127 576 diu
142 514 200 576 sibi
214 516 359 575 amicitiae
373 513 431 574 fide
446 521 476 575 et
489 521 553 576 arte
567 514 731 575 medicinae
745 513 915 595 probatum,
935 521 999 575 orat
1018 532 1084 594 pro·

75 606 171 664 visum
189 602 304 683 pridem
323 621 482 683 venenum,
501 620 560 682 quo
579 603 708 664 damnati
727 601 845 681 publico
860 603 1085 663 Atheniensium

75 693 185 753 iudicio
200 693 454 771 extinguerentur,
469 699 632 773 promeret,
648 690 837 771 adlatumque
851 691 951 752 hausit
965 693 1085 771 frustra,

75 781 201 859 frigidus
223 782 282 840 iam
305 787 388 840 artus
412 787 442 839 et
464 779 546 841 cluso
569 798 694 858 corpore
717 779 875 841 adversum
893 782 952 841 vim
970 781 1084 841 veneni.
1100 791 1125 832 1⁶

74 879 225 949 postremo
245 875 382 946 stagnum
401 866 511 927 calidae
530 886 622 947 aquae
643 869 771 950 introiit,
790 886 967 947 respergens
985 869 1084 948 proxi·

75 975 140 1017 mos
156 974 310 1016 servorum
325 955 423 1016 addita
437 973 522 1036 voce,
544 955 636 1019 libare
656 975 688 1018 se
707 957 854 1037 liquorem
872 956 956 1018 illum
974 956 1037 1018 lovi
1050 955 1083 1016 li·

75 1045 215 1105 beratori.
256 1045 333 1103 enim
360 1042 464 1104 balneo
488 1043 597 1105 inlatus
620 1038 651 1107 et
672 1063 780 1125 vapore
804 1048 869 1106 eius
893 1047 1085 1123 exanimatus,

76 1136 140 1194 sine
159 1132 219 1193 ullo
239 1133 352 1192 funeris
372 1131 507 1192 sollemni
526 1140 683 1194 crematur.
720 1136 761 1194 ita
778 1133 922 1195 codicillis
940 1135 1085 1213 praescri-

76 1229 184 1301 pserat,
199 1239 267 1281 cum
282 1222 448 1282 etiamtum
462 1221 616 1300 praedives
631 1229 661 1282 et
674 1229 851 1300 praepotens
864 1224 1013 1302 supremis
1022 1224 1085 1282 suis
1099 1236 1125 1277 ro

77 1309 254 1372 consuleret.

142 1395 192 1459 65.
217 1397 305 1458 Fama
328 1397 385 1458 fuit
404 1397 545 1458 Subrium
564 1397 687 1458 Flavum
705 1418 774 1460 cum
794 1366 1019 1459 centurionibus
1038 1416 1086 1458 oc-

76 1487 155 1548 culto
175 1485 311 1566 consilio,
334 1504 431 1564 neque
450 1494 548 1546 tamen
566 1487 721 1564 ignorante
737 1486 862 1567 Seneca,
882 1487 1085 1566 destinavisse,

76 1583 110 1636 ut
128 1583 195 1653 post
213 1575 345 1635 occisum
364 1592 453 1652 opera
472 1573 588 1635 Pisonis
602 1573 750 1635 Neronem
767 1574 836 1636 Piso
856 1592 974 1654 quoque
996 1576 1085 1634 inter·

76 1665 215 1724 ficeretur
233 1662 461 1742 tradereturque
480 1664 638 1740 imperium
653 1662 795 1743 Senecae,
814 1666 899 1742 quasi
917 1661 1085 1723 insontibus

76 1750 253 1812 claritudine
267 1752 412 1811 virtutum
430 1750 465 1810 ad
486 1768 634 1811 summum
653 1751 802 1830 fastigium
817 1751 941 1812 delecto.
969 1752 1041 1829 quin
1056 1758 1112 1811 ets

76 1839 166 1900 verba
184 1838 265 1899 Flavi
282 1837 491 1919 vulgabantur,
512 1856 571 1899 non
591 1839 703 1900 referre
722 1839 874 1920 dedecori,
897 1841 924 1900 si
942 1839 1085 1900 citharoe-

76 1928 133 1989 dus
153 1927 359 1988 demoveretur
378 1935 408 1988 et
426 1926 584 2006 tragoedus
603 1928 789 2009 succederet,
809 1930 878 2008 quia
897 1935 931 1988 ut
948 1926 1027 1988 Nero
1046 1929 1086 1988 ci·

76 2016 173 2096 thara,
188 2018 228 2077 ita
242 2015 311 2076 Piso
327 2017 438 2095 tragico
453 2022 561 2076 ornatu
576 2016 707 2077 canebat.

142 2101 193 2166 66.
217 2103 356 2165 Ceterum
375 2105 511 2165 militaris
530 2123 648 2184 quoque
667 2106 846 2182 conspiratio
870 2123 929 2165 non
949 2105 1026 2166 ultra
1045 2104 1085 2164 fe-

75 2193 158 2272 fellit,
171 2195 304 2253 accensis
313 2192 461 2254 indicibus
471 2194 507 2254 ad
517 2192 702 2273 prodendum
713 2193 856 2254 Faenium
865 2192 985 2273 Rufum,
995 2209 1084 2271 quem

76 2281 202 2340 eundem
222 2283 374 2343 conscium
391 2290 423 2342 et
440 2283 648 2361 inquisitorem
665 2301 724 2343 non
744 2280 917 2343 tolerabant.
950 2300 1020 2360 ergo
1042 2284 1085 2341 in·

77 2370 166 2427 stanti
185 2369 391 2447 minitantique
410 2370 549 2430 renidens
574 2369 735 2430 Scaevinus
758 2371 907 2431 neminem
932 2371 973 2430 ait
1000 2369 1086 2448 plura

76 2457 154 2516 scire
169 2473 256 2533 quam
271 2457 377 2535 ipsum,
391 2455 588 2535 hortaturque
598 2455 676 2518 ultro
687 2455 826 2518 redderet
838 2465 898 2518 tam
913 2455 991 2516 bono
1005 2460 1084 2534 prin·
1100 2470 1113 2511 ⁵

76 2544 136 2621 cipi
149 2544 252 2603 vicem.
280 2561 339 2604 non
353 2561 408 2603 vox
423 2541 581 2604 adversum
595 2561 629 2603 ea
643 2543 761 2624 Faenio,
780 2562 839 2605 non
853 2544 1012 2623 silentium,
1034 2544 1086 2606 sed
1110 2571 1114 2576 ’

76 2630 165 2691 verba
185 2649 237 2691 sua
256 2631 450 2710 praepediens
469 2640 499 2692 et
521 2633 638 2709 pavoris
657 2633 844 2712 manifestus,
870 2633 1037 2710 ceterisque
1057 2640 1087 2693 et

76 2721 202 2780 manime
221 2719 358 2780 Cervario
377 2718 503 2781 Proculo
522 2721 622 2799 equite
641 2718 772 2780 Romano
796 2720 831 2780 ad
851 2721 1086 2781 convincendum

76 2825 144 2868 eum
159 2809 278 2888 conisis,
292 2810 375 2869 iussu
390 2810 577 2887 imperatoris
592 2826 608 2868 a
620 2807 722 2869 Cassio
736 2807 837 2890 milite,
852 2810 904 2889 qui
918 2808 956 2870 ob
970 2811 1085 2888 insigne

76 2898 211 2974 eorporis
225 2896 317 2957 robur
332 2896 479 2977 adstabat,
493 2898 655 2975 corripitur
669 2898 866 2977 vinciturque.
1099 2911 1126 2954 ιο

143 2981 193 3045 67.
212 2983 279 3045 llos
294 2985 456 3046 eorundem
470 2986 580 3046 indicio
596 2985 723 3046 Subrius
737 2985 843 3048 Flavus
863 2986 1003 3048 tribunus
1021 3004 1086 3065 per·

74 3075 214 3153 vertitur,
236 3075 332 3152 primo
347 3073 618 3136 dissimilitudinem
632 3092 749 3136 morum
763 3075 799 3137 ad
813 3075 1013 3136 defensionem
1029 3081 1087 3135 tra·

145 3243 192 3311 64,
213 3250 246 3300 ta
265 3243 340 3312 quod
360 3243 490 3311 antillb
509 3243 648 3327 frigidis
639 3261 696 3299 rem
715 3244 831 3300 artubus
851 3246 886 3315 ql.
910 3247 914 3312 Ι
939 3242 1086 3312 65165-

74 3312 152 3368 nium
176 3321 201 3370 et
224 3314 349 3383 ttflauii,
373 3333 421 3370 em.
439 3315 544 3371 Belsker
559 3319 564 3384 1
580 3323 597 3370 4
615 3314 645 3368 in
669 3315 797 3370 sontibus
815 3307 933 3382 danseri,
959 3315 1086 3370 sontibus

80 3383 184 3452 Wurnn
204 3384 311 3440 insonti
330 3357 360 3440 ab
376 3387 525 3442 Acidalius
540 3390 544 3453 Ι
561 3393 576 3441 6
596 3385 742 3440 dedecoris
760 3386 895 3442 Heinsius
915 3387 919 3456 Ι
942 3386 987 3453 66,
1006 3392 1022 3440 2
1041 3403 1086 3442 ec·

76 3469 168 3580 consqq
181 3457 331 3595 Lls'psiue
325 3455 452 3513 sorensis
467 3471 578 3526 quoque
594 3460 598 3529 l
615 3464 630 3512 6
645 3456 754 3513 fesnius
770 3459 775 3528 Ι
791 3455 971 3526 Sequitsito
990 3456 1086 3513 Orelli.

74 3539 140 3593 equi
169 3543 183 3578 r
219 3527 332 3583 siussti
