2392 3876
283 187 331 241 AB
350 186 508 243 EXCESSU
525 185 684 242 AUGUSTI
700 186 746 244 Vl
765 192 879 244 ato-ss.
906 253 909 258 ,
1016 186 1078 253 189

72 335 244 415 Euphraten
258 335 338 396 nulla
352 335 494 397 imbrium
503 337 533 396 vi
542 344 647 414 sponte
657 344 688 397 et
696 338 865 397 inmensum
873 334 976 417 attolli,
991 335 1080 397 simul

72 423 240 485 albentibus
258 425 371 503 spumis
389 425 422 485 in
439 424 560 485 modum
578 424 751 485 diadematis
770 426 889 486 sinuare
909 423 1010 505 orbes,
1029 441 1079 486 an·

73 514 200 592 spiciam
217 514 354 592 prosperi
371 519 584 591 transgressus.
612 513 732 591 qnidam
750 511 885 574 callidius
903 514 1079 591 iuterpreta-

72 600 192 681 bantur,
211 602 294 661 initia
312 607 436 662 conatus
454 600 584 663 secunda
597 618 694 680 neque
708 600 862 682 diuturna,
881 602 950 680 quia
968 617 1080 681 eorum,

73 707 148 769 quae
166 697 246 750 terra
267 688 383 750 caelove
403 689 674 769 portenderentur„
687 691 796 750 certior
817 689 904 770 fides,
923 688 1081 750 fluminum
1095 701 1121 743 1⁰

73 777 218 839 instabilis
243 785 350 839 natura
377 777 466 838 simul
492 777 662 839 ostenderet
685 779 784 838 omina
805 784 992 856 raperetque.
1027 775 1081 838 sed

72 874 162 945 ponte
181 865 306 927 navibus
324 865 428 926 ellecto
447 868 643 945 tramissoque
657 867 791 928 exercitu
805 868 919 944 primus
933 865 1080 944 Ornospa·

73 954 126 1016 des
146 953 248 1014 multis
268 956 403 1033 equitum
423 953 543 1015 milibus
563 955 594 1015 in
614 961 711 1015 castra
731 956 825 1034 venit,
846 953 915 1015 exul
933 953 1082 1033 quondam

73 1051 104 1103 et
113 1041 242 1123 Tiberio,
256 1059 325 1103 cum
334 1041 526 1103 Delmaticum
539 1041 649 1104 bobum
663 1043 832 1124 conficeret,
845 1042 924 1104 haud
937 1042 1081 1122 inglorius

73 1130 229 1193 auxiliator
243 1147 338 1209 eoque
352 1131 469 1191 civitate
483 1129 613 1191 Romana
627 1130 765 1212 donatus,
784 1148 853 1192 mox
871 1133 997 1210 repetita
1011 1132 1081 1190 ami·
1096 1141 1121 1183 1⁵

73 1221 143 1280 cilia
161 1220 240 1296 regis
258 1217 351 1278 multo
369 1218 448 1298 apud
467 1236 536 1280 eum
552 1217 678 1299 honore,
701 1220 869 1297 praefectus
888 1220 1011 1300 campis,
1030 1219 1082 1297 qui

74 1307 225 1385 Euphrate
244 1314 274 1368 et
287 1305 375 1385 'ligre
389 1305 509 1367 inclutis
524 1304 660 1368 amnibus
674 1306 841 1367 circumflui
854 1306 1082 1386 Mesopotamiae

75 1412 182 1454 nomen
197 1401 383 1472 acceperuut.
416 1413 512 1473 neque
526 1394 619 1455 multo
633 1401 701 1473 post
715 1393 857 1456 Sinnaces
871 1402 959 1473 auget
972 1398 1082 1474 copias,

75 1490 105 1542 et
120 1481 255 1542 columen
273 1485 403 1560 partium
416 1482 600 1561 Abdagaeses
619 1499 718 1561 gazam
732 1490 762 1542 et
775 1489 896 1562 paratus
910 1484 1009 1561 regios
1022 1483 1082 1543 adi·

74 1573 124 1631 cit.
161 1568 294 1630 Vitellius
320 1577 483 1631 ostentasse
508 1569 639 1631 Romana
665 1588 746 1630 arma
773 1573 845 1631 satis
872 1577 955 1631 ratus
982 1578 1083 1632 mouet
1096 1583 1123 1624 2⁰

75 1657 227 1719 Tiridaten
244 1659 463 1740 primoresque,
481 1659 574 1739 huuc,
593 1657 728 1718 Phraatis
747 1660 793 1719 avi
811 1666 842 1718 et
859 1657 961 1719 altoris
980 1657 1082 1718 Caesa-

74 1749 117 1807 ris
137 1763 271 1825 quaeque
290 1745 449 1825 utrobique
467 1745 592 1825 pulchra
609 1748 790 1826 meminerit,
808 1745 888 1823 illos,
906 1746 1083 1826 obsequium

74 1837 106 1895 in
120 1852 234 1914 regem,
252 1837 449 1896 reverentiam
466 1836 498 1895 in
516 1852 584 1916 nos,
602 1834 693 1895 decus
709 1836 835 1914 quisque
849 1852 938 1896 suum
951 1843 981 1897 et
994 1835 1084 1896 iidem

75 1919 249 1984 retinerent.
277 1925 355 1983 exim
369 1941 438 1983 eum
451 1922 617 2002 legionibus
630 1925 662 1982 iu
677 1922 795 1984 Suriam
809 1925 958 1984 remeavit.

141 2008 193 2072 38.
212 2009 293 2080 Quae
312 2009 427 2072 duabus
446 2011 607 2072 aestatibus
625 2018 707 2090 gesta
721 2013 873 2093 coniunxi,
893 2029 952 2091 quo
966 2013 1083 2090 requie·

76 2107 174 2160 sceret
187 2101 303 2160 animus
317 2116 333 2159 a
347 2098 517 2160 domesticis
531 2099 630 2181 malis3
645 2118 703 2160 uon
718 2100 797 2161 enim
807 2099 968 2180 Tiberium,
982 2118 1083 2180 quam·

76 2206 165 2267 quam
178 2189 307 2248 triennio
325 2195 394 2266 post
412 2188 532 2249 caedem
546 2187 658 2269 Seiani,
677 2206 752 2267 quae
769 2195 885 2249 eeteros
903 2188 1018 2250 mollire
1038 2207 1083 2250 so-

75 2276 151 2360 lent,
168 2283 285 2354 tempus
303 2292 409 2353 preces
428 2278 516 2337 satias
533 2276 719 2357 mitigabant,
738 2278 810 2356 quin
829 2279 942 2338 incerta
956 2277 1002 2338 vel
1016 2278 1084 2338 abo·

75 2363 128 2425 lita
140 2382 195 2444 pro
210 2365 390 2442 gravissimis
404 2370 435 2423 et
448 2364 619 2425 recentibus
633 2367 762 2443 puniret
785 2382 821 2425 eo
834 2372 917 2426 metu
930 2364 1083 2427 Fulcinius
1097 2377 1110 2419 ὁ

76 2451 160 2533 Trio,
174 2453 339 2530 ingruentis
354 2459 541 2512 accusatores
554 2450 633 2512 haud
647 2470 820 2533 perpessus,
839 2455 986 2531 supremis
1000 2453 1083 2514 tabu-

75 2541 114 2602 lis
135 2539 228 2601 multa
248 2548 278 2600 et
296 2542 405 2600 atrocia
424 2541 455 2600 in
473 2538 642 2601 Macronem
660 2558 693 2601 ac
712 2543 888 2619 praecipuos
908 2539 1084 2601 hbertorum

76 2628 210 2691 Caesaris
224 2630 389 2708 conposuit,
403 2629 462 2706 ipsi
475 2627 584 2688 fluxam
598 2629 680 2688 senio
690 2635 820 2689 mentem
830 2636 860 2689 et
869 2630 1009 2688 contiuuo
1020 2628 1084 2689 abs-

76 2735 165 2780 cessu
183 2716 407 2779 velut'erilium
429 2715 611 2777 obiectando.
648 2733 722 2794 quae
745 2715 781 2776 ab
800 2716 965 2781 heredibus
987 2717 1084 2778 occul·

76 2813 137 2867 tata
146 2807 266 2866 recitari
275 2804 413 2866 Tiberius
422 2806 518 2884 iussit,
528 2806 700 2882 patientiam
709 2803 855 2865 libertatis
865 2804 976 2866 alienae
986 2813 1083 2868 osten·
1098 2818 1125 2860 1⁰

76 2902 143 2956 taus
166 2902 196 2955 et
219 2901 405 2972 contemptor
428 2911 498 2954 suae
521 2893 670 2972 infamiae,
693 2910 730 2952 an
754 2891 900 2955 scelerum
915 2893 1014 2956 Seiani
1032 2894 1084 2956 diu

76 2985 196 3045 nescius
209 3000 277 3042 mou
293 3000 411 3061 quoquo
426 2981 512 3042 modo
527 2981 605 3043 dicta
619 2980 732 3058 vulgari
744 2980 871 3042 malebat
885 2984 1084 3063 veritatisque,

77 3074 126 3134 cui
149 3071 276 3133 adulatio
299 3070 403 3150 officit,
426 3088 480 3148 per
503 3070 612 3149 probra
630 3069 733 3130 saltem
752 3087 862 3148 gnarus
880 3070 953 3131 fieri.
990 3071 1085 3132 isdem

77 3159 182 3221 diebus
201 3159 327 3220 Granius
346 3157 511 3219 Marcianus
530 3165 662 3239 senator,
685 3175 702 3218 a
720 3157 751 3219 C.
770 3157 903 3218 Graccho
921 3159 1084 3220 maiestatis

148 3311 194 3381 di,
213 3317 230 3367 8
247 3308 376 3381 prosperi
393 3310 556 3366 Rhenanus:
574 3325 706 3379 prospere
732 3312 736 3376 Ι
761 3315 792 3363 11
812 3307 906 3363 omnia
929 3312 934 3378 l
961 3316 993 3367 17
1020 3312 1083 3377 fort.

77 3381 164 3452 ungri,
182 3389 213 3438 ut
227 3386 367 3448 est12,13
383 3384 387 3450 Ι
403 3387 437 3435 21
451 3382 480 3435 et
494 3381 655 3436 Rhenanus:
674 3381 707 3434 ut
724 3378 809 3448 (hunc
822 3381 854 3434 ut
867 3379 896 3433 P.
912 3379 967 3447 avi,
986 3381 1084 3437 altoris

78 3453 240 3521 Db'derlec'n,
259 3453 333 3507 hune
351 3453 384 3506 ut
401 3451 429 3506 P.
450 3450 504 3518 evi,
522 3452 555 3506 ut
573 3451 622 3508 alt.
641 3452 741 3522 Ritter)
766 3452 771 3524 1
795 3456 830 3506 22
849 3466 976 3520 quaeque
994 3453 1083 3510 Neue:

79 3539 150 3592 quae
166 3528 171 3594 Ι
186 3523 336 3593 utrubique
352 3526 357 3593 Ι
373 3522 418 3591 38,
439 3529 454 3577 6
472 3522 529 3576 hau
