2408 3870
286 192 334 246 AB
353 192 514 248 excussu
531 191 687 248 AUGUSTI
705 192 751 248 ΙΙΙ.
771 198 884 248 43-47.
1022 191 1084 256 107

142 338 194 404 46.
213 341 277 403 Non
297 341 348 402 diu
366 342 439 402 haec
457 359 512 402 nec
528 341 605 420 apud
619 341 724 402 laetos:
745 343 855 402 etenim
869 339 1087 421 propinquabat

74 431 224 509 legionum
243 432 335 510 acies,
354 428 558 509 inconditique
577 447 610 491 ac
629 429 751 490 militiae
769 432 865 490 nescii
883 428 1023 508 oppidani
1036 448 1086 491 ne·

75 536 133 598 que
153 518 246 580 oculis
265 536 362 597 neque
381 517 503 579 auribus
527 520 599 578 satis
623 518 828 598 conpetebant.
864 527 968 579 contra
988 517 1087 597 silius,

75 609 132 668 etsi
155 615 343 686 praesumpta
363 624 433 686 spes
449 606 588 668 hortandi
606 625 710 667 causas
733 615 896 687 exemerat,
919 605 1087 667 clamitabat

74 703 182 776 tamen,
192 695 363 774 pudendum
373 697 460 774 ipsis,
470 694 549 774 quod
559 694 783 756 Germaniarum
793 696 921 756 victores
931 694 1087 756 adversum
1101 705 1114 746 5

74 783 172 844 Gallos
191 792 341 862 tamquam
359 785 390 844 in
409 783 526 843 hostem
544 782 734 845 ducerentur.
771 779 846 844 ‘una
864 792 961 862 nuper
980 783 1087 843 cohors

77 871 220 932 rebellem
233 870 400 952 Turonum,
419 889 478 933 una
501 870 544 932 ala
559 870 736 952 Trevcrum,
754 888 866 950 paucae
884 871 974 932 huius
992 872 1087 949 ipsius

76 961 225 1020 exercitus
235 967 350 1020 turmae
360 959 553 1038 profligavere
565 958 725 1064 Sequanos.
749 966 860 1038 quanto
874 960 1001 1038 pecunia
1010 959 1087 1020 dites

75 1054 105 1107 et
88 1046 320 1150 ⁸uoluptatibus
334 1048 503 1127 opulentos,
521 1056 603 1109 tanto
622 1051 714 1127 magis
732 1047 857 1109 inbelles
872 1042 1028 1108 Aeduos'
1009 1049 1087 1108 evin·

75 1118 383 1214 crteetlugientibus
402 1131 569 1198 consulite?
601 1139 707 1216 ingens
728 1136 763 1197 ad
785 1154 819 1196 ea
840 1135 963 1217 clamor,
982 1143 1013 1196 et
1031 1137 1128 1196 cir-10

75 1224 220 1285 cumludit
235 1243 328 1304 eques
342 1225 529 1312 frontemque
543 1224 682 1303 pedites
673 1242 822 1304 invasere
840 1243 896 1285 neo
915 1231 1086 1285 cunctatum

75 1312 155 1414 apud
168 1312 267 1373 latera
295 1312 417 1391 paulum
431 1330 531 1373 morae
546 1309 672 1372 attulere
686 1313 802 1391 serrati,
822 1311 1004 1373 restantibus
1017 1308 1087 1372 la'm·

74 1401 163 1459 minis
178 1400 335 1460 adversum
349 1400 407 1502 pila
422 1406 452 1459 et
465 1398 591 1480 gladios3
611 1407 657 1459 set
670 1398 754 1460 miles
770 1402 916 1478 correptis
930 1399 1087 1460 securibus

76 1496 107 1547 et
125 1482 267 1567 dolabris,
290 1496 324 1546 ut
343 1489 369 1546 si
387 1505 507 1547 murum
525 1495 745 1566 perrumperet,
768 1486 891 1548 caedere
910 1489 1039 1566 tegmina
1058 1495 1088 1547 et

76 1593 214 1655 corpora;
234 1574 353 1652 quidam
365 1574 506 1636 trudibus
520 1581 571 1635 aut
584 1574 677 1636 furcis
691 1577 818 1635 inertem
832 1574 939 1635 molem
957 1583 1087 1653 proster-
1103 1588 1128 1627 15

76 1681 156 1744 nere,
171 1665 360 1741 iacentesque
376 1662 457 1724 nullo
471 1663 508 1724 ad
525 1663 742 1740 resurgendum
757 1665 824 1724 uisu
839 1664 925 1742 quasi
939 1665 1088 1723 exanimes

75 1750 295 1830 linquebantur.
324 1751 461 1813 Sacrovir
475 1753 571 1830 primo
586 1751 845 1831 Augustodunum,
860 1751 928 1812 dein
942 1759 1024 1811 metu
1040 1750 1088 1812 de-

76 1840 127 1900 dit
106 1842 196 1900 tronis
210 1842 241 1901 in
255 1839 352 1900 villam
366 1841 564 1919 propinquam
578 1858 646 1901 cum
660 1840 812 1900 fidissimis
825 1841 931 1919 pergit
960 1838 1019 1900 illic
1035 1857 1089 1900 sua

75 1947 177 2010 manu,
200 1929 307 2008 reliqui
329 1930 441 1990 mutuis
459 1928 569 1990 ictibus
588 1928 738 1990 occidere:
761 1931 882 1989 incensa
906 1946 997 2007 super
1020 1927 1087 1988 villa

75 2019 342 2079 omuescremavit.
1101 2029 1126 2069 2⁰

140 2102 192 2167 47.
207 2105 284 2167 Tum
298 2106 417 2168 demum
431 2105 569 2186 'liberius
583 2112 682 2166 ortum
696 2113 904 2186 patratumque
918 2104 1028 2166 bellum
1044 2122 1088 2165 se-

76 2197 305 2279 nattnscripsit3
327 2212 425 2275 neque
444 2194 573 2274 dempsit
591 2202 642 2256 aut
660 2193 773 2255 addidit
790 2213 873 2275 vero,
897 2193 949 2255 sed
973 2193 1031 2254 lide
1054 2211 1087 2253 ac

76 2285 185 2343 virtute
209 2283 334 2362 togatos,
360 2301 392 2344 se
412 2283 544 2344 consiliis
563 2284 755 2363 superfuisse.
787 2282 878 2343 ¹simul
898 2300 1014 2360 causas,
1034 2300 1088 2342 cur

76 2389 136 2431 non
150 2373 227 2450 ipse,
247 2389 305 2432 non
320 2371 435 2432 Drusus
449 2371 576 2451 proiecti
590 2371 625 2432 ad
641 2372 670 2431 id
685 2370 795 2432 bellum
814 2371 924 2450 forent,
944 2369 1087 2449 adiunxit,

76 2460 308 2538 magnitudinem
323 2461 441 2538 imperii
455 2458 611 2538 extollens,
625 2476 722 2538 neque
737 2459 879 2520 decorum
892 2457 1087 2537 principibus,
1101 2471 1113 2510 a

77 2550 104 2608 si
118 2565 176 2608 una
191 2547 318 2608 alterave
333 2550 435 2608 civitas
449 2547 553 2608 turbet
566 2545 606 2589 *²¹⁸
621 2549 730 2608 omissa
743 2547 832 2627 urbe,
850 2544 930 2606 unde
944 2547 975 2606 in
990 2548 1087 2605 omnia

77 2639 219 2714 regimen.
252 2652 341 2715 nuuc,
365 2637 434 2714 quia
452 2651 512 2694 non
530 2642 611 2695 metu
635 2636 774 2717 ducatur,
797 2637 924 2713 iturum,
947 2641 981 2694 ut
1003 2651 1086 2713 prae-

77 2725 173 2782 sentia
192 2729 341 2799 spectaret
359 2730 618 2802 componeretque.
651 2723 810 2784 decrevere
829 2729 929 2802 patres
947 2731 1013 2783 vota
1032 2741 1087 2801 pro

77 2808 176 2870 reditu
192 2811 255 2870 eius
271 2809 560 2891 supplicationesque
580 2819 610 2872 et
628 2811 683 2872 alia
698 2811 813 2872 decora.
845 2810 925 2871 solus
939 2810 1087 2873 Dolabella

76 2897 245 2979 Cornelius,
265 2898 335 2959 dum
353 2901 466 2961 anteire
481 2910 597 2962 ceteros
611 2909 708 2979 parat,
727 2898 884 2960 absurdam
898 2901 928 2961 iu
944 2898 1086 2961 adulatio-
1102 2909 1128 2953 1⁰

75 3005 144 3048 nem
154 3005 340 3069 progressus,
355 2990 471 3049 censuit
486 2997 519 3049 ut
533 3006 623 3050 ovans
633 3006 649 3049 e
659 2987 815 3068 Campania
826 2987 930 3049 urbem
940 2990 1086 3050 introiret.

75 3078 168 3154 igitur
187 3086 306 3137 secutae
321 3076 455 3138 Caesaris
474 3076 603 3159 litterae,
627 3077 735 3156 quibus
754 3095 786 3138 se
806 3096 863 3138 non
883 3085 942 3137 tam
962 3094 1086 3136 vacuum

75 3165 168 3244 gloria
191 3165 393 3246 praedicabat,
416 3173 450 3226 ut
472 3176 539 3245 post
558 3166 756 3228 ferocissimas
774 3172 878 3245 gentes
896 3165 1086 3244 perdomitas,

148 3318 193 3386 46,
210 3325 225 3374 9
245 3318 365 3374 inbelles
384 3335 444 3374 esse
458 3319 491 3373 A.
501 3319 623 3386 Paitzuer
638 3319 643 3388 1
660 3325 691 3374 11
708 3316 887 3374 circumfudit
904 3318 986 3386 terga
1004 3333 1088 3384 eques

76 3387 168 3444 Recte
183 3394 187 3457 Ι
203 3390 362 3445 innotatum
373 3389 434 3471 (diu
448 3391 585 3445 certatum
602 3389 736 3459 Wolffliu,
747 3389 828 3443 dubii
830 3387 947 3443 atumG
957 3387 1085 3458 Jacobpil

78 3465 111 3514 19
121 3457 434 3517 incensaRbeoonus.'
405 3476 554 3531 ·1ngresse
569 3461 574 3533 1
590 3461 636 3528 47,
649 3461 755 3515 isonat
755 3477 787 3514 us
803 3463 808 3530 1
825 3460 967 3515 diaconae
980 3460 1088 3529 siquem

75 3529 119 3586 bie
133 3533 228 3601 posuit
246 3531 406 3605 Nipperdey
