2392 3876
124 176 190 242 332
474 173 643 232 CORNELII
660 173 780 232 TACITI

121 327 241 404 sumpti.
269 333 300 386 ct
312 327 375 385 viso
390 323 557 386 Corbulone
571 342 624 385 rex
637 325 720 404 prior
740 341 816 403 equo
835 323 969 406 desiluit3
987 343 1052 389 nec
1072 347 1152 389 cun·

122 422 220 476 ctatus
235 413 377 493 Corbulo,
392 413 444 474 sed
458 413 549 492 pedes
563 419 691 492 uterque
705 411 842 473 dexteras
856 415 1019 476 miscuere.

189 501 241 564 29.
264 501 350 563 Exim
368 501 518 562 Romanus
541 500 641 562 laudat
663 503 801 562 iuvenem
823 503 941 562 omissis
964 507 1146 584 praecipiti—

122 592 179 654 bus
197 598 261 653 tuta
280 598 311 653 ct
329 589 469 651 salutaria
487 597 700 668 capessentem.
718 588 776 650 ille
796 589 833 650 de
846 587 1002 651 nobilitate
1017 597 1146 671 generis

122 680 248 742 multum
258 679 416 759 praelatus,
426 685 524 739 cetera
535 685 736 756 temperanter
744 677 890 757 adiungit:
899 679 1016 740 iturum
1026 684 1144 762 quippe

122 769 245 830 Romam
258 767 448 845 laturumque
461 784 571 827 novum
584 765 703 829 Caesari
716 766 821 848 decus,
839 785 900 828 non
918 767 1055 830 adversis
1068 769 1141 832 Par·

83 879 95 918 ⁵
123 859 243 920 thorum
261 856 352 917 rebus
375 854 540 933 supplicem
558 854 728 918 Arsaciden.
764 862 829 916 tum
851 854 962 935 placuit
980 855 1141 922 Tiridaten
1174 865 1178 879 '

122 963 233 1027 ponere
251 944 329 1023 apud
349 943 477 1022 cliigiem
490 942 625 1005 Caesaris
642 945 759 1023 insigne
772 946 888 1022 regium
902 962 958 1007 nec
971 947 1032 1008 uisi
1046 965 1141 1011 mane

121 1034 248 1095 Neronis
257 1049 424 1115 resumere3
438 1039 468 1094 et
477 1032 668 1113 conloquium
682 1031 784 1095 osculo
798 1033 924 1096 linitum.
947 1032 1018 1096 dein
1032 1039 1141 1115 paucis

123 1121 228 1183 diebus
246 1122 425 1202 interiectis,
444 1140 550 1201 magna
568 1123 718 1200 utrimque
732 1123 845 1202 specie,
864 1121 933 1183 iude
948 1140 1043 1201 eques
1057 1143 1139 1187 com·

122 1213 238 1290 positus
255 1227 310 1291 per
328 1218 442 1272 turmas
460 1219 491 1272 et
508 1210 675 1289 insignibus
694 1212 811 1291 patriis,
830 1210 901 1272 hinc
914 1213 1032 1290 agmina
1046 1211 1139 1294 legio-

83 1321 109 1360 ιο
123 1318 195 1361 num
209 1306 318 1361 stetere
333 1299 515 1378 fulgentibus
533 1299 640 1380 aquilis
653 1301 805 1378 signisque
820 1307 850 1360 et
863 1298 1033 1363 simulacris
1045 1302 1140 1365 deum

122 1391 153 1451 in
172 1388 293 1450 modum
311 1389 429 1468 templi:
452 1388 549 1450 medio
571 1387 703 1449 tribunal
725 1388 827 1449 sedem
846 1387 980 1450 curulem
998 1398 1030 1451 et
1048 1391 1141 1453 sedes

123 1478 250 1557 effigiem
267 1477 394 1539 Neronis
413 1477 587 1538 sustinebat.
618 1476 654 1536 ad
674 1494 763 1557 quam
781 1494 958 1556 progressus
976 1477 1140 1562 Tiridates,

50 1603 53 1606 <
123 1569 218 1628 caesis
241 1585 277 1628 cx
299 1584 382 1628 more
405 1567 546 1646 victimis,
574 1562 723 1627 sublatum
745 1567 836 1645 capiti
857 1564 990 1627 diadema
1004 1566 1141 1648 imagini

123 1656 264 1736 subiecit,
282 1656 397 1733 magnis
416 1655 493 1734 apud
513 1662 638 1715 cunctos
652 1655 818 1715 animorum
831 1655 975 1736 motibus,
994 1673 1071 1733 quos
1086 1676 1140 1719 au-

83 1764 109 1804 15
124 1745 211 1824 gebat
229 1745 317 1805 insita
331 1742 427 1805 adhuc
441 1742 535 1804 oculis
550 1743 735 1803 exercituum
748 1741 949 1804 Romanorum
962 1743 1070 1805 caedes
1085 1755 1140 1808 aut

123 1833 248 1895 obsidio.
271 1840 301 1893 at
314 1849 395 1894 nunc
408 1848 511 1893 versos
524 1849 625 1894 casus:
639 1833 753 1893 iturum
762 1830 914 1894 Tiridaten
924 1835 1056 1893 ostentui
1065 1852 1139 1912 geu-

123 1922 217 2002 tibus‚
232 1928 341 2001 quanto
356 1922 455 1982 minus
470 1938 558 1999 quam
571 1916 741 1998 captivum?

191 2008 243 2072 30.
261 2009 381 2070 Addidit
394 2008 504 2086 gloriae
519 2007 647 2069 Corbulo
662 2009 831 2069 comitatem
845 2008 1020 2092 epulasque;
1039 2017 1070 2072 et
1087 2029 1138 2073 ro-

124 2102 235 2176 gitante
253 2115 324 2175 rege
343 2114 460 2177 causas,
484 2098 622 2174 quotiens
640 2113 749 2157 novum
767 2095 878 2176 aliquid
897 2097 1078 2176 adverterat,
1103 2110 1139 2162 ut

123 2187 207 2245 initia
222 2184 388 2263 vigiliarum
402 2201 456 2262 per
471 2185 676 2245 centurionem
689 2185 830 2264 ntrntiari,
845 2187 1013 2247 convivium
1026 2185 1139 2250 bucina

41 2290 45 2300 ·
124 2274 233 2334 dimitti
250 2279 281 2334 et
299 2279 443 2333 structam
462 2278 530 2332 ante
543 2271 684 2351 augurale
698 2290 778 2333 aram
793 2272 911 2335 subdita
925 2275 988 2336 lace
1003 2277 1138 2359 accendi,

97 2369 234 2423 scuncta
255 2363 285 2422 in
309 2362 404 2422 maius
428 2359 564 2423 attollens
587 2361 780 2423 admiratione
798 2364 890 2441 prisci
908 2365 1000 2424 moris
1018 2364 1138 2427 adiecit.

123 2459 243 2531 postero
253 2450 301 2512 die
311 2451 440 2529 spatium
450 2453 551 2531 oravit,
561 2469 620 2531 quo
631 2458 746 2512 tantum
755 2452 872 2512 itineris
881 2451 1018 2514 aditurus
1027 2452 1138 2516 tratres

123 2548 190 2602 ante
201 2548 384 2619 matremque
394 2542 518 2621 viseret3
532 2539 665 2624 obsidem
673 2541 788 2601 interea
801 2539 891 2601 tiliam
904 2541 995 2602 tradit
1008 2540 1138 2603 litteras-

123 2648 182 2708 que
197 2628 347 2709 supplices
361 2628 396 2689 ad
411 2628 574 2690 Neronem:

191 2714 242 2779 31.
261 2716 300 2777 Et
318 2717 470 2796 digressus
488 2715 633 2779 Pacorum
652 2716 731 2796 apud
744 2715 855 2798 Medos,
865 2715 1028 2798 Vologesen
1043 2717 1138 2780 Ecba-

123 2804 201 2864 tanis
224 2806 370 2883 repperit,
392 2823 452 2867 non
475 2807 659 2866 incuriosum
682 2805 796 2868 fratris:
820 2807 930 2886 quippe
953 2814 984 2869 et
1005 2810 1139 2886 propriis

124 2892 237 2952 nuntiis
251 2909 268 2951 a
283 2890 451 2954 Corbulone
465 2894 604 2974 petierat,
623 2901 662 2953 ne
680 2911 769 2972 quam
786 2894 944 2974 imaginem
959 2897 1074 2958 servitii
1087 2895 1137 2957 Ti-

124 2981 235 3041 ridates
253 2979 401 3059 perferret
419 2998 478 3041 neu
497 2980 609 3042 ferrum
628 2980 761 3042 traderet
779 2990 830 3043 aut
849 2984 1005 3063 complexu
1018 2987 1137 3064 provin-

96 3086 109 3127 s
125 3072 185 3130 cias
204 3069 403 3148 optinentium
420 3076 576 3130 arceretur
594 3068 744 3130 foribusve
763 3087 866 3133 eorum
885 3073 1055 3154 adsisteret,
1073 3081 1137 3134 tan·

123 3167 232 3239 iusque
256 3159 284 3219 ei
301 3156 410 3218 Romae
434 3163 564 3236 quantus
586 3156 759 3220 consulibus
783 3158 879 3222 honor
897 3168 985 3223 esset.
1022 3160 1140 3223 scilicet

195 3381 241 3450 29,
259 3380 415 3438 amulium
441 3379 624 3438 Puteolanus:
651 3381 728 3437 milit
716 3385 776 3438 ium
799 3384 805 3454 l
832 3388 865 3438 tt
883 3379 990 3436 sublabi
1013 3384 1019 3453 Ι
1043 3399 1076 3437 ca
1076 3384 1138 3453 pite

123 3452 295 3522 Rhenanus!
313 3460 346 3508 16
363 3451 469 3508 iturum
487 3451 722 3508 memineram*
747 3450 1138 3554 oo‚1mo÷*otemregem

122 3523 166 3578 Jo.
187 3523 239 3578 Fr
261 3522 417 3579 Groaeooius
431 3525 468 3595 ll
488 3522 623 3592 augurale
666 3541 688 3562 e
754 3523 840 3565 ‘1⁹⁴⁸
965 3523 1139 3581 “redidit
