2392 3876
283 198 341 259 ,ΑΒ
360 197 521 254 EXCESSU
539 196 694 254 AUGUSTI
712 199 757 254 VI.
777 205 890 254 41-46.
1026 199 1090 265 193

80 347 212 428 pericula
231 355 302 408 erat.
338 346 390 407 sed
414 347 500 425 fugae
524 349 622 425 specie
646 348 824 429 discessum,
847 367 880 409 ac
904 349 1050 427 principio
1074 367 1090 409 a

79 444 167 515 gente
183 435 311 497 Arabum
330 436 407 496 facto
426 437 519 495 ceteri
538 435 640 496 domos
659 435 769 496 abeunt
787 436 834 496 vel
851 438 882 496 in
897 445 994 498 castra
1007 438 1090 499 Arta·

80 526 161 605 bani,
181 525 274 586 donec
289 524 435 585 Tiridates
450 542 518 584 cum
531 526 634 603 paucis
648 527 679 584 in
695 524 812 585 Suriam
825 533 962 586 revectus
975 526 1089 604 pudore
1104 543 1133 583 ao

80 614 255 692 proditionis
270 630 372 673 omnes
387 611 519 672 exsolvit.

145 699 196 764 45.
220 702 301 763 ldem
320 719 415 761 annus
433 704 515 780 gravi
533 703 601 779 igne
620 700 726 762 urbem
745 701 865 782 adiecit,
884 703 987 763 deusta
1006 709 1089 780 parte

78 793 165 870 circi,
185 808 259 870 quae
274 790 419 850 Aventino
434 792 586 871 contigua,
601 792 725 870 ipsoque
740 790 899 871 Aventin03
918 791 996 870 quod
1011 791 1090 852 dam-

80 899 152 941 num
162 879 269 940 Caesar
283 879 318 939 ad
334 877 458 955 gloriam
467 880 556 939 vertit
571 878 712 939 exsolutis
728 877 868 939 domuum
882 886 912 939 et
926 879 1090 940 insularum

77 969 191 1048 pretiis.
205 967 322 1027 miliens
330 968 500 1026 sestertium
507 968 538 1027 in
546 967 747 1027 munificentia
757 987 794 1028 ea
804 967 998 1049 conlocatum,
1007 975 1089 1028 tanto

77 1058 230 1134 acceptius
244 1057 276 1115 in
291 1053 419 1135 vulgum,
434 1061 544 1132 quanto
559 1055 693 1116 modicus
703 1057 825 1134 privatis
835 1056 1089 1117 aedificationibus
1103 1074 1116 1113 c

78 1164 115 1205 ne
130 1142 248 1223 publice
264 1144 384 1222 quidem
398 1144 457 1203 nisi
471 1142 529 1203 duo
549 1160 639 1222 opera
658 1146 779 1223 struxit,
798 1143 942 1222 templum
955 1145 1089 1224 Augusto

78 1242 108 1294 et
118 1250 254 1293 scaenam
264 1231 434 1310 Pompeiani
443 1230 565 1313 theatri3
579 1249 672 1310 eaque
686 1233 830 1311 perfecta,
845 1240 1016 1312 contemptu
1031 1252 1089 1294 am-

78 1321 198 1382 bitionis
218 1338 327 1399 anper
347 1326 544 1398 senectutem,
563 1318 641 1379 haud
660 1319 813 1381 dedicarit.
842 1321 893 1380 sed
909 1321 1089 1382 aestimando

78 1411 222 1487 cuiusque
247 1408 425 1468 detrimento
449 1415 590 1486 quattuor
612 1410 771 1486 progeneri
793 1407 940 1489 Caesaris,
964 1409 1015 1470 Cn.
1034 1410 1089 1470 lio·

77 1499 193 1576 mitius,
209 1495 327 1556 Cassius
341 1495 505 1576 Longinus,
519 1494 556 1556 M.
568 1493 713 1576 Vinicius,
728 1494 881 1556 Rubellius
896 1495 1026 1557 Blandus
1040 1497 1088 1558 de·
1104 1514 1130 1552 io

78 1585 149 1645 lecti
163 1583 340 1662 additusque
359 1585 558 1644 nominatione
578 1583 732 1644 consulum
747 1583 778 1644 P.
793 1582 959 1645 Petronius.
987 1593 1017 1645 et
1035 1603 1089 1663 pro

79 1674 199 1751 ingenio
219 1673 364 1751 cuiusque
384 1674 510 1750 quaesiti
529 1673 700 1750 decretique
718 1674 750 1732 in
768 1674 935 1751 principem
948 1672 1089 1754 honores3

79 1779 153 1840 quos
168 1762 303 1821 omiserit
316 1761 508 1840 receperitve,
522 1762 553 1821 in
563 1763 678 1822 incerto
688 1761 745 1822 luit
755 1760 792 1821 ob
802 1763 1003 1841 propinquum
1012 1764 1088 1823 vitae

77 1851 175 1909 linem.
217 1867 313 1927 neque
340 1851 419 1909 enim
442 1847 534 1909 multo
558 1857 626 1927 post
650 1852 782 1929 supremi
800 1849 919 1910 Tiberio
943 1850 1089 1933 consuleS,

78 1938 129 1999 Cn.
144 1937 325 1998 Acerronius
340 1937 371 1999 C.
385 1936 521 2018 Pontius,
536 1939 742 2016 magistratum
756 1957 911 2019 occepere,
926 1941 1016 1999 nimia
1030 1941 1088 1999 iam
1104 1955 1129 1996 15

76 2028 208 2105 potentia
227 2024 386 2105 MacroniS,
406 2027 458 2105 qui
476 2029 600 2104 gratiam
618 2025 672 2086 Gai
691 2025 824 2087 Caesaris
847 2044 1007 2107 numquam
1032 2027 1089 2088 sibi

78 2114 242 2193 neglectam
256 2117 355 2176 acrius
374 2116 405 2174 in
425 2114 488 2174 dies
507 2113 624 2176 fovebat
641 2115 858 2194 impuleratque
876 2122 944 2194 post
962 2125 1088 2177 mortem

77 2202 224 2282 Claudiae,
239 2221 327 2283 quam
340 2210 462 2282 nuptam
477 2205 506 2263 ei
518 2202 635 2284 rettuli,
649 2221 772 2264 uxorem
786 2213 870 2264 suam
884 2203 1010 2264 Enniam
1024 2207 1088 2266 imi-

77 2292 167 2352 tando
181 2309 310 2351 amorem
324 2294 461 2368 iuvenem
475 2290 598 2352 inlicere
612 2299 757 2371 pactoque
772 2294 952 2353 matrimonii
966 2295 1087 2373 vincire,

77 2379 151 2440 nihil
160 2379 348 2460 abnuentem,
358 2379 428 2440 dum
439 2380 647 2440 dominationis
657 2381 854 2461 apisceretur3
864 2399 932 2441 nam
943 2383 999 2441 etsi
1009 2400 1086 2441 com·
1102 2397 1129 2437 ao

77 2477 175 2541 motus
187 2459 312 2546 ‘ingenio
332 2467 554 2528 simulationum
572 2475 671 2528 tamen
691 2467 761 2528 falsa
780 2470 811 2527 in
831 2470 899 2527 sinu
923 2470 969 2527 avi
991 2469 1088 2546 perdi·

77 2556 199 2618 dicerat.
942 2585 944 2588 ⁴
1121 2537 1144 2603 ’ζ

142 2641 195 2705 46.
218 2643 349 2704 Gnarum
367 2642 423 2703 hoc
442 2645 584 2722 principi,
603 2661 697 2723 eoque
717 2642 863 2703 dubitavit
886 2643 922 2703 de
945 2644 1088 2706 tradenda

76 2750 109 2791 re
123 2729 251 2812 publica,
265 2733 393 2808 primum
408 2733 486 2792 inter
500 2738 631 2810 nepotes,
646 2748 774 2810 quorum
783 2730 879 2791 liruso
894 2733 1012 2810 genitus
1022 2751 1087 2794 san-

76 2821 166 2897 guine
181 2827 211 2880 et
225 2821 346 2880 caritate
361 2821 495 2899 propior,
514 2820 566 2880 sed
581 2820 712 2880 nondum
725 2817 912 2898 pubertatem
926 2823 1087 2903 ingressus,

77 2907 245 2968 Germanici
259 2906 318 2967 tilio
333 2907 426 2969 robur
440 2910 584 2990 iuventae,
600 2908 681 2987 vulgi
691 2908 796 2989 studia,
811 2925 904 2988 eaque
914 2910 992 2990 apud
1002 2930 1088 2972 avum

76 2997 137 3057 odii
151 3014 246 3057 causa.
271 2998 359 3057 etiam
373 2996 409 3057 de
419 2995 540 3058 Claudio
550 2999 680 3076 agitanti,
696 2996 774 3077 quod
788 2999 815 3056 is
829 3001 982 3077 conposita
992 3007 1086 3061 aetate
1100 3013 1114 3053 ⁵

75 3085 220 3146 bonarum
233 3087 341 3146 artium
356 3088 479 3165 cupiens
489 3094 561 3167 erat,
574 3088 720 3147 inminuta
729 3103 814 3147 mens
824 3087 889 3147 eius
898 3086 1021 3148 obstitit.
1040 3089 1087 3148 sin

75 3182 158 3235 extra
172 3174 292 3236 domum
306 3192 462 3235 successor
476 3183 731 3255 quaereremque
745 3176 886 3235 memoria
901 3174 1035 3255 dugusti,
1049 3193 1087 3236 ne

75 3279 183 3323 nomen
194 3263 352 3325 Caesarum
367 3265 397 3327 in
412 3262 540 3324 ludibria
555 3272 585 3326 et
599 3263 792 3325 contumelias
802 3269 961 3344 verterent,
976 3271 1087 3325 metue-

145 3396 191 3467 44,
206 3405 239 3454 18
252 3397 393 3470 principio
409 3397 506 3467 egenti
521 3401 525 3464 1
541 3398 587 3465 45,
603 3404 617 3452 1
638 3394 742 3464 adiicit,
761 3413 808 3451 em.
832 3396 943 3462 Wurm;
961 3398 995 3465 cf.
1010 3399 1048 3454 acl
1060 3402 1085 3466 4,

76 3471 165 3538 1514
183 3485 217 3524 aa
239 3472 302 3526 odd.
324 3469 385 3524 Otto
401 3472 405 3538 Ι
423 3475 456 3525 10
480 3467 631 3538 sutellius!
649 3474 680 3522 12
709 3466 788 3521 euius
804 3470 808 3535 Ι
826 3471 858 3520 19
886 3467 1025 3537 pactoque
1048 3468 1085 3523 M.

72 3538 150 3609 patri
167 3540 256 3595 monii
272 3540 384 3594 uincere

126 3637 320 3680 ricimeris
334 3640 353 3679 L
544 3619 546 3623 ’
835 3635 868 3683 13

26 3786 172 3843 Q.
