2392 3876
112 154 175 219 168
461 150 630 208 connum
648 150 768 207 TACITI

110 319 176 362 mox
203 300 318 362 crebris
341 301 556 381 prolationibus
579 318 663 380 spem
685 319 720 360 ac
742 307 855 361 metum
877 301 958 361 iuxta
984 310 1132 378 gravatus

108 388 243 451 Vitellius
262 393 355 470 petito
374 408 428 469 per
447 391 576 470 speciem
595 388 762 449 studiorum
780 387 895 468 scalpro
914 387 1012 449 levem
1031 391 1131 451 ictum

70 493 97 534 ro
111 481 194 539 venis
209 479 309 540 intulit
324 481 473 558 vitamque
487 478 671 557 aegritudine
681 478 772 537 animi
780 478 883 538 linivit.
902 483 931 537 at
940 475 1132 556 Pomponius

110 566 203 628 multa
217 585 333 629 morum
348 566 492 646 elegantia
506 574 536 626 et
549 567 668 644 ingenio
678 565 806 645 inlustri,
820 564 891 626 dum
899 565 1059 627 adversam
1069 567 1129 628 lor·

111 666 214 717 tunam
228 673 341 735 aequus
355 655 475 737 tolerat,
490 653 609 715 'liberio
624 662 776 737 superstes
790 653 855 714 luit.

177 744 209 825 V,
232 741 261 805 9.
291 743 436 805 Placitum
452 742 595 824 posthac,
621 747 654 803 ut
677 744 710 803 in
735 741 866 821 reliquos
889 741 989 804 Seiani
1012 741 1130 805 liberos

111 833 329 912 adverteretur,
348 838 523 898 vanescente
543 848 721 919 quemqnam
738 829 835 910 plebis
852 831 897 892 ira
916 848 950 892 ac
967 829 1127 911 plerisque

110 939 164 999 per
186 921 287 998 priora
310 919 454 997 supplicia
478 919 586 979 lenitis.
622 920 714 997 igitur
736 923 892 998 portantur
909 920 941 979 in
960 937 1129 1001 carcerem,

110 1008 188 1068 lilius
202 1008 419 1068 imminentium
433 1006 621 1087 intellegens,
639 1006 737 1086 puella
751 1006 824 1068 adeo
838 1007 951 1086 nescia,
967 1015 1001 1067 ut
1015 1007 1127 1069 crebro

83 1108 96 1149 ιι
110 1098 315 1176 interrogaret,
326 1095 404 1174 quod
414 1095 452 1156 ob
463 1094 603 1156 delictum
613 1103 643 1156 et
653 1109 711 1175 quo
721 1095 902 1157 traheretur·
895 1112 1017 1176 ,neque
1028 1095 1126 1158 lactu-

110 1201 173 1245 ram
182 1182 268 1262 ultra,
279 1192 309 1245 et
318 1201 406 1263 posse
416 1202 448 1245 se
457 1182 567 1264 puerili
575 1183 699 1249 verbere
708 1202 832 1245 moneri
846 1183 968 1244 tradunt
977 1187 1129 1264 tempons

110 1274 174 1333 eius
189 1279 334 1354 auctores,
347 1274 415 1359 quia
425 1271 602 1337 tnnmvrralr
609 1271 754 1361 supplicio
762 1272 1001 1351 adlicivirginem
1008 1274 1127 1335 inaudi-

109 1369 174 1422 tum
187 1359 315 1422 babebat
302 1368 365 1443 tur,
384 1381 400 1423 a
419 1355 557 1424 carnifice
572 1359 710 1465 laqueum
724 1363 806 1422 iuxta
820 1377 1025 1441 conpressam;
1045 1365 1128 1424 exim

111 1449 214 1597 oblisis
229 1450 364 1513 laticibus
378 1450 408 1515 id
423 1453 528 1516 aetatis
542 1468 666 1530 corpora
680 1451 712 1515 in
725 1447 882 1510 Gemonias
897 1449 1019 1511 abiecta

176 1537 281 1622 V,10.
304 1534 362 1601 Per
384 1540 464 1605 idem
486 1548 604 1619 tempus
626 1539 694 1600 Asia
717 1545 806 1617 atque
829 1537 938 1601 Achaia
961 1541 1128 1600 exterritae

111 1636 181 1689 sunt
199 1631 261 1691 aori
278 1631 373 1708 magis
392 1648 480 1709 quam
498 1629 638 1691 diuturno
657 1644 790 1707 rumore,
809 1626 939 1688 Drusum
953 1626 1127 1689 Germanioi

111 1716 205 1778 lilium
223 1717 301 1796 apud
322 1716 461 1798 Cycladas
482 1716 608 1796 insulas,
630 1733 699 1777 mox
717 1718 748 1777 in
767 1674 931 1778 ebutinenti
949 1716 1056 1776 visum.
1095 1724 1126 1777 et

111 1807 196 1867 erat
188 1808 303 1866 iuvenis
318 1804 396 1866 baud
410 1805 521 1884 dispari
536 1812 643 1886 aetate,
663 1803 839 1884 quibusdam
853 1803 987 1866 Caesaris
1005 1801 1125 1866 libertis

83 1893 191 1955 ovelut
218 1894 367 1975 adgnitus3
399 1910 454 1981 per
483 1891 643 1973 dolumque
671 1891 879 1954 comitantibus
906 1891 1126 1955 adliciebantur

110 1983 206 2059 ignari
224 1982 300 2042 lama
319 1983 446 2041 nominis
465 1988 496 2041 et
512 1983 659 2063 promptis
673 1980 855 2042 Graecorum
872 1983 977 2042 animis
996 1981 1032 2042 ad
1046 1999 1126 2042 nova

111 2077 140 2129 et
154 2070 237 2129 mira.
257 2070 366 2156 quippe
381 2056 513 2148 elapsum
527 2070 680 2130 custodiae
692 2087 817 2149 pergere
831 2069 868 2131 ad
881 2079 1023 2149 paternos
1037 2086 1123 2131 exer·

111 2158 201 2237 citus,
215 2157 380 2237 Aegyptum
395 2165 446 2218 ant
460 2157 600 2219 Suriam
591 2175 776 2239 invasurum,
791 2157 941 2237 tingebant
955 2156 1044 2220 simul
1058 2177 1124 2220 cre·

111 2244 286 2324 debantque.
329 2247 388 2310 iam
411 2247 574 2329 iuventutis
597 2265 758 2327 concursu,
781 2249 840 2307 iam
862 2246 991 2325 publicis
1015 2247 1125 2310 studiis

71 2345 96 2385 10
111 2332 363 2415 frequentabatur,
378 2334 472 2396 laetus
485 2335 693 2415 praesentibus
703 2342 734 2396 et
742 2337 875 2396 inanium
886 2353 947 2415 spe,
961 2354 1030 2396 curn
1040 2336 1125 2398 andi·

111 2428 174 2484 tum
189 2422 219 2489 id
233 2421 369 2502 Poppaeo
384 2422 507 2507 Sabino:
521 2426 547 2484 is
561 2423 748 2485 Macedoniae
763 2431 826 2486 ιιιιιι
840 2425 973 2507 intentus
981 2423 1126 2503 Achaiam

112 2529 230 2592 quoqne
241 2512 370 2575 curabat.
394 2513 486 2617 igitur
501 2532 559 2593 qno
573 2531 642 2576 vera
656 2531 708 2574 seu
723 2511 794 2574 lalsa
809 2515 925 2593 antiret,
935 2512 1125 2590 Toronaeum

111 2600 367 2682 Thermaeumque
386 2603 485 2663 sinum
507 2602 736 2682 praefestinans,
758 2619 827 2662 mox
844 2600 996 2662 Euboeam
1014 2600 1125 2683 Aegaei

111 2691 201 2750 maris
224 2690 352 2752 insulam
375 2698 405 2752 et
426 2690 563 2754 Piraeum
586 2692 700 2772 Atticae
723 2708 805 2771 orae,
828 2689 896 2750 dein
915 2688 1125 2770 Corinthiense

72 2789 98 2831 ιι
112 2776 184 2836 litus
194 2781 405 2859 angustiasque
414 2779 520 2842 lsthmr
530 2780 639 2841 evadat
631 2797 787 2860 marique
796 2777 879 2839 lonro
889 2777 1055 2860 Nicopolim
1064 2777 1125 2840 llo

111 2881 227 2925 manam
246 2865 418 2927 coloniam
402 2860 578 2971 ιιιιιιιειιίι,Δ
599 2825 642 2928 ibl
664 2867 783 2929 demum
801 2854 954 2945 cognoscit
972 2863 1126 2929 sollertius

110 2955 339 3034 interrogatum,
359 2958 496 3042 quisnam
514 2958 604 3037 soret,
623 2953 789 3018 dixissell.
810 2954 909 3039 Silano
927 2956 1073 3039 genitum,
1094 2964 1127 3017 et

110 3041 212 3105 multis
226 3047 406 3103 sectatorum
421 3043 542 3126 dilapsis
557 3043 726 3105 ascendisse
736 3061 841 3107 navem
850 3031 1000 3130 tamquam
1010 3043 1125 3124 ltaliam

182 3214 228 3284 lo,
247 3211 379 3269 odolum
398 3211 448 3280 qni
471 3212 596 3283 (agnitus
622 3227 674 3284 por
699 3211 807 3284 dolum.
835 3213 900 3282 quis
922 3212 1126 3269 comitantibus

111 3256 228 3366 Haase)
241 3287 268 3366 Ι
269 3291 284 3339 t
290 3276 431 3366 elapsum
450 3282 615 3353 Βισιιαιιιιιι
637 3284 749 3354 lapsum
764 3288 795 3355 1
785 3277 820 3340 '10
838 3283 917 3365 inani
935 3301 985 3354 spe
1003 3284 1126 3355 Nipper-

110 3353 199 3426 deys
190 3353 270 3409 anani
288 3353 319 3409 in
338 3370 387 3423 spe
405 3353 469 3410 Jolo
488 3345 602 3422 Molles,
629 3355 756 3410 inanium
783 3346 875 3426 specie
902 3354 1038 3410 Heinsius
1061 3359 1066 3424 l
1089 3361 1124 3412 11

109 3423 242 3496 Poppaeo
270 3425 432 3484 &manos-
464 3426 596 3496 pompeio
621 3429 626 3498 Ι
652 3432 685 3482 15
708 3424 787 3482 Ionio
813 3425 862 3496 Tb.
880 3425 1019 3497 berthold
1045 3427 1124 3496 (mea.

109 3444 198 3551 libes.
218 3499 266 3565 22,
286 3499 363 3567 aab:
383 3494 448 3564 alio,
468 3498 549 3567 ece,
568 3499 609 3552 53
636 3491 837 3550 1¹18de
833 3482 863 3549 is
