2408 3870
112 165 178 230 310
465 163 636 221 CORNELII
652 166 771 221 raeiri

112 314 186 375 nihil
208 313 341 375 felicitati
359 330 441 373 meae
461 314 537 374 desit
556 317 614 375 nisi
633 316 795 377 moderatio
815 318 888 378 eius.
922 326 988 378 utar
1009 322 1130 400 magnis

112 401 262 482 exemplis,
277 421 332 463 nec
346 420 428 462 meae
444 401 589 484 fortunae,
604 403 656 464 sed
671 411 747 464 tuae.
771 404 881 466 abavus
891 412 961 467 tuus
971 408 1131 486 Augustus

112 491 148 551 ll.
172 493 317 570 Agrippae
341 489 533 570 Mytilenense
557 500 718 572 secretum,
747 491 776 553 C.
799 492 963 556 Maecenati
989 495 1066 557 urbe
1097 499 1130 559 in

73 597 98 636 ιο
112 584 175 660 ipsa
190 580 270 640 velut
283 581 475 658 peregrinum
489 582 583 640 otium
592 582 741 661 permisit3
755 599 883 660 quorum
893 582 968 645 alter
978 582 1130 647 bellorum

112 673 223 750 socius,
247 668 321 729 alter
339 667 449 728 Romae
468 666 605 745 pluribus
628 668 778 730 laboribus
798 672 924 731 iactatus
945 672 1043 751 ampla
1062 677 1130 754 qui·

112 759 191 838 dem,
216 758 268 818 sed
287 775 341 836 pro
361 756 533 835 ingentibus
551 759 680 838 meritis,
703 761 834 837 praemia
852 769 1038 839 acceperant.
1072 780 1129 844 ego

113 847 184 926 quid
199 846 277 906 aliud
292 844 512 905 munificentiae
526 853 594 906 tuae
610 845 750 907 adbibere
764 850 848 926 potui
863 866 951 927 quam
965 850 1078 932 studia,
1094 861 1130 914 ut

113 939 155 996 sic
166 934 300 1012 dixerim,
314 935 345 993 in
355 931 460 994 umbra
470 933 603 1014 educata,
618 943 647 995 et
657 934 766 1015 quibus
780 935 925 998 claritudo
941 939 1030 1019 venit,
1045 941 1129 1019 quod

73 1041 98 1079 15
112 1027 248 1084 iuventae
267 1030 335 1083 tuae
353 1020 532 1083 rudimentis
551 1024 681 1085 adfuisse
701 1024 816 1105 videor,
839 1024 949 1104 grande
967 1025 1059 1088 huius
1082 1032 1130 1090 rei

112 1114 250 1192 pretium.
279 1119 308 1171 at
322 1118 355 1171 tu
369 1112 493 1189 gratiam
505 1114 683 1194 inmensam,
697 1115 883 1174 innumeram
896 1117 1054 1192 pecuniam
1069 1119 1129 1178 cir·

113 1201 302 1280 cumdedisti,
317 1200 390 1260 adeo
405 1208 439 1260 ut
452 1199 628 1280 plerumque
642 1203 721 1262 intra
735 1219 782 1261 me
797 1204 860 1279 ipse
876 1202 1001 1263 volvam:
1022 1223 1129 1286 egone,

113 1292 246 1370 equestri
269 1297 299 1349 et
321 1288 494 1367 provinciali
517 1289 582 1350 loco
605 1297 702 1371 ortuS,
725 1289 900 1369 proceribus
924 1293 1052 1353 civitatis
1078 1295 1129 1356 ad·

112 1374 275 1440 numeror?
292 1380 372 1438 inter
389 1376 504 1438 nobiles
523 1386 554 1438 et
571 1377 657 1457 longa
672 1379 779 1439 decora
793 1379 994 1458 praeferentes
1008 1384 1130 1444 novitas

73 1486 99 1525 20
112 1488 177 1530 mea
200 1463 329 1528 enituit?
355 1466 408 1526 ubi
432 1474 477 1526 est
500 1468 615 1526 animus
638 1466 687 1526 ille
706 1467 830 1527 modicis
850 1465 1030 1530 contentus?
1057 1470 1131 1533 talis

112 1558 215 1618 bortos
234 1558 361 1616 exstruit
379 1562 409 1615 et
427 1572 481 1632 per
495 1555 568 1615 haec
583 1554 752 1616 suburbana
766 1555 877 1616 incedit
891 1563 921 1615 et
934 1558 1024 1617 tantis
1040 1576 1130 1638 agro-

113 1665 180 1708 rum
199 1647 315 1724 spatiis,
335 1652 394 1703 tam
409 1641 467 1702 lato
482 1644 601 1704 faenore
616 1640 781 1705 exuberat?
791 1645 858 1704 'una
872 1644 1004 1706 defensio
1019 1664 1129 1710 occur-

113 1738 165 1816 rit,
181 1734 260 1814 quod
274 1730 448 1792 muneribus
463 1733 522 1791 tuis
537 1731 632 1792 obniti
646 1750 705 1792 nou
720 1731 817 1793 debui.

180 1820 231 1884 54.
252 1820 310 1881 Sed
326 1828 451 1899 uterque
470 1837 639 1880 mensuram
658 1820 848 1902 inplerimus,
868 1830 898 1882 et
916 1830 960 1898 tu,
980 1831 1130 1900 quantum

113 1916 252 1992 princeps
271 1909 404 1970 tribuere
424 1910 517 1969 amico
536 1917 649 1989 posset,
669 1917 699 1970 et
718 1927 785 1991 ego,
809 1917 952 1988 quantum
973 1913 1089 1973 amicus
1112 1933 1130 1974 a

112 2003 247 2081 principe
267 2000 415 2075 accipere:
435 2007 533 2057 cetera
551 1997 691 2058 iuvidiam
705 2005 822 2077 augent.
850 2016 924 2078 quae
939 1998 1073 2081 quidem,
1094 2009 1130 2063 ut

114 2091 210 2150 omnia
225 2085 371 2164 mortalia,
385 2085 463 2145 inira
477 2094 558 2145 tuam
572 2085 804 2164 magnitudinem
819 2089 908 2167 iacet,
927 2088 979 2148 sed
993 2087 1068 2149 mihi
1083 2091 1130 2151 in·

88 2176 239 2256 serinibit,
258 2174 332 2234 mihi
346 2173 580 2234 subveniendum
595 2181 648 2234 est.
676 2176 836 2254 quomodo
850 2177 881 2236 iu
895 2175 999 2236 militia
1014 2185 1065 2238 aut
1080 2181 1129 2240 ria

114 2268 211 2327 fessus
226 2260 436 2323 adminiculum
451 2279 579 2344 orarem,
597 2264 638 2323 ita
657 2266 688 2324 in
707 2263 764 2325 hoc
777 2266 884 2325 itinere
899 2267 975 2325 ritae
990 2283 1083 2326 senex
1098 2274 1130 2327 et

113 2354 271 2415 levissimis
290 2369 408 2431 quoque
428 2353 508 2412 curis
527 2354 625 2434 inpar,
649 2372 717 2414 cum
741 2371 812 2432 opes
835 2371 916 2414 meas
934 2352 1013 2414 ultra
1036 2357 1128 2416 susti·

115 2462 187 2506 nere
197 2461 255 2503 non
269 2442 390 2521 possim,
404 2440 586 2519 praesidium
595 2449 672 2519 peto.
695 2440 764 2502 iube
774 2459 838 2502 rem
847 2459 901 2520 per
915 2451 1129 2520 procuratores

114 2543 183 2595 tuos
202 2531 415 2609 administrari,
434 2532 465 2589 in
484 2536 564 2590 tuam
585 2531 733 2592 fortunam
748 2531 849 2609 recipi
878 2548 933 2590 nec
946 2547 994 2590 me
1008 2531 1041 2591 in
1054 2549 1129 2609 pau-

74 2639 101 2679 10
114 2629 260 2703 pertatem
278 2623 342 2698 ipse
362 2617 530 2700 detrudam,
553 2619 604 2679 sed
629 2619 746 2680 traditis
764 2636 892 2698 quorum
909 2617 1024 2696 fulgore
1042 2637 1129 2698 prae-

116 2714 259 2790 stringor,
278 2707 355 2788 quod
375 2708 518 2786 temporis
537 2707 692 2768 hortorum
710 2715 762 2768 aut
779 2707 915 2768 villarum
934 2724 1023 2768 curae
1042 2725 1130 2788 sepo-

115 2802 206 2878 nitur,
227 2800 258 2857 in
279 2799 409 2857 animum
430 2795 583 2857 revocabo.
617 2805 754 2875 superest
775 2795 830 2856 tibi
850 2794 943 2872 robur
962 2804 992 2857 et
1010 2803 1056 2857 tot
1072 2815 1132 2876 per

116 2905 209 2949 annos
237 2887 331 2944 visum
361 2888 470 2956 summi
497 2885 607 2962 fastigii
635 2885 781 2963 regimen:
808 2901 966 2962 possumus
993 2885 1131 2947 seniores

187 3021 232 3088 53,
252 3026 268 3075 8
287 3035 420 3074 nemeae
444 3022 449 3090 Ι
474 3019 580 3074 abavus
598 3019 728 3087 Lipsius:
755 3019 855 3071 atauus
879 3020 884 3088 Ι
910 3023 943 3073 13
964 3018 1033 3072 tuae
1051 3035 1102 3075 om.
1124 3019 1130 3093 Ι

117 3102 151 3150 19
169 3093 256 3162 longa
275 3107 341 3145 cura
365 3093 370 3162 Ι
394 3091 441 3158 54,
462 3099 475 3145 1
494 3091 528 3144 tu
545 3106 595 3144 om.
612 3091 649 3160 13
669 3089 756 3158 ageni
773 3088 862 3156 (alent
881 3088 943 3145 Jae.
964 3088 1132 3158 Grmwvius,

116 3165 148 3220 in
174 3163 310 3218 invidiam
336 3162 423 3231 egent
440 3161 591 3216 Bezzenber
611 3177 638 3214 er
656 3162 714 3216 coti.
734 3159 773 3215 H.
792 3166 818 3226 1,
838 3165 873 3214 11
892 3163 1105 3231 ei8332,38)1
1125 3162 1129 3232 i

117 3245 135 3292 4
153 3236 259 3302 iacent,
282 3252 329 3290 em.
349 3233 465 3301 Lipsius
480 3234 484 3296 Ι
500 3178 667 3285 incumbunt
681 3233 718 3301 18
742 3230 808 3285 iube
826 3246 886 3284 rem
903 3231 1014 3286 Baiter:
1032 3229 1133 3286 iuuere

119 3309 123 3381 Ι
144 3323 195 3378 per
222 3303 458 3372 om.1m.(iube
480 3303 675 3372 procuratores
694 3303 758 3357 tuos
779 3300 976 3356 administrare
1001 3301 1034 3356 in
1059 3303 1081 3356 b.
1111 3301 1132 3359 f.

116 3378 232 3446 recepta
257 3375 362 3445 Haase)
388 3376 393 3445 Ι
420 3379 452 3428 10
474 3371 663 3443 perstringor,
691 3391 738 3428 em.
768 3371 964 3444 Oannepieterl
981 3377 1014 3427 13
1038 3371 1134 3428 risum

118 3446 221 3504 summi
247 3447 358 3514 scripsi:
389 3443 482 3498 uisum
510 3442 622 3511 (summi
648 3445 689 3500 vel
711 3445 875 3514 usurpatum
901 3441 1003 3498 summi
1024 3441 1133 3514 Wutrn,

117 3517 194 3573 nosti
214 3515 315 3570 summi
336 3515 454 3586 Madvig
458 3556 467 3584 ,
486 3516 596 3571 suetum
613 3515 758 3586 Heiniscb)
