2392 3876
119 175 185 240 290
470 171 639 227 CORNELII
656 171 776 227 Taciti

119 343 175 404 qne
190 325 254 403 ipse
272 341 369 402 nuper
387 322 581 403 relegaverat,
602 321 728 382 Iturium
748 329 778 381 et
792 319 950 382 Calvisium
968 340 1065 401 poena
1084 344 1131 385 ex·

77 429 105 470 oo
119 413 212 474 solvit.
240 431 307 474 nam
323 411 421 472 Silana
440 411 499 471 lato
519 411 619 471 iuncta
638 404 714 492 erat,
733 408 894 490 longinquo
912 410 949 471 ab
968 410 1056 472 exilio
1078 412 1131 474 'l'a-

118 510 237 564 rentum
251 519 386 581 regressa
400 499 517 561 labante
531 502 588 559 iam
598 499 768 580 Agrippina,
783 501 868 559 onius
883 501 1047 561 inimicitiis
1062 520 1131 564 oon-

118 592 244 672 oiderat,
258 589 305 651 vel
320 591 459 668 mitigata.

112 678 117 684 “
186 677 235 743 13.
250 679 360 739 Tamen
375 678 510 739 cunctari
523 679 554 736 in
569 675 685 755 oppidis
700 675 883 759 Campaniae,
899 692 1027 757 quonam
1042 681 1130 741 modo

117 768 224 830 urbem
237 767 458 847 ingrederetur,
477 783 514 825 an
528 763 704 844 obsequium
719 773 852 846 senatus,
871 783 908 827 an
923 767 1020 828 studia
1034 768 1131 847 plebis

117 859 264 937 reperiret
278 857 395 916 anxins:
409 861 512 914 contra
526 851 705 914 deterrimus
716 855 851 937 quisque,
865 873 992 934 quorum
1003 857 1129 919 nonalia

117 949 199 1025 regia
214 943 368 1004 secundior
389 944 498 1023 extitit,
517 944 645 1003 invisum
660 939 838 1022 'Agrippinae
857 961 964 1004 nomen
984 953 1015 1005 et
1033 954 1130 1007 morte

91 1037 183 1095 seius
202 1050 360 1094 accensum
378 1029 481 1110 populi
500 1031 628 1091 fauorem
648 1030 811 1093 disserunt:
837 1034 895 1092 iret
906 1034 1082 1113 intrepidus
1102 1043 1131 1096 et

117 1122 338 1183 venerationem
362 1123 408 1181 sni
431 1138 531 1181 coram
559 1121 758 1202 experiretur3
786 1120 876 1181 simul
902 1122 1060 1202 praegredi
1083 1143 1130 1184 ex-

117 1217 252 1292 poscunt.
283 1218 313 1271 et
326 1212 509 1289 promptiora
524 1226 611 1291 quam
629 1200 827 1288 promiserant
844 1211 1008 1291 inveniunt,
1028 1211 1129 1273 obvias

118 1300 228 1382 tribus,
242 1300 317 1360 sesto
337 1298 419 1360 cultu
434 1306 582 1380 senatum,
602 1299 761 1376 coniugum
779 1316 812 1358 ao
832 1297 994 1360 liberorum
1014 1304 1128 1380 agmina

117 1409 171 1469 per
191 1407 296 1450 sexum
314 1396 344 1450 et
361 1395 487 1449 aetatem
505 1387 659 1466 disposita,
683 1394 863 1468 exstructos,
888 1406 945 1467 qua
969 1388 1129 1471 incederet,

78 1498 104 1538 1o
119 1478 356 1558 spectaculorum
376 1477 498 1558 gradus,
522 1494 580 1556 quo
604 1475 690 1536 modo
713 1476 859 1555 triumphi
877 1479 1023 1538 visuntur.
1060 1479 1128 1540 hinc

119 1567 273 1649 superbus,
289 1585 323 1627 ac
346 1565 457 1647 publici
479 1566 592 1626 servitii
610 1566 705 1626 victor
724 1563 899 1643 Capitolium
923 1566 1007 1647 adiit,
1031 1575 1128 1646 grates

118 1657 255 1737 exsolvit,
280 1674 371 1735 seque
390 1657 421 1715 in
441 1672 543 1715 omnes
561 1652 699 1714 libidines
718 1653 834 1735 elirrdit,
861 1673 934 1734 quas
953 1655 1029 1716 male
1048 1663 1129 1718 codr-

119 1748 192 1807 citas
208 1745 430 1825 qualiscumque
445 1745 548 1804 matris
563 1744 728 1803 reverentia
742 1742 916 1803 tardaverat.

188 1833 236 1897 14.
251 1832 342 1894 Vetus
355 1833 398 1893 illi
413 1831 520 1911 cupido
530 1838 594 1892 erat
604 1832 753 1892 curriculo
764 1830 973 1911 quadrigarum
983 1834 1130 1916 insistere,

119 1942 173 1985 nec
192 1925 291 1983 minus
311 1920 428 1982 foedum
449 1920 579 1982 studium
599 1919 711 1981 cithara
729 1919 876 1982 ludicrum
896 1923 927 1981 in
946 1921 1068 1983 modum
1084 1941 1129 1984 oa-

118 2031 198 2072 nere.
227 2017 398 2072 concertare
413 2011 498 2088 equis
512 2011 626 2087 regium
641 2017 671 2069 et
685 2010 814 2087 antiquis
830 2009 955 2070 ducibus
965 2010 1129 2072 factitatum

118 2098 312 2177 memorabat,
326 2097 416 2177 idque
434 2104 534 2157 vatum
553 2095 690 2157 laudibus
709 2097 826 2158 celebre
841 2105 871 2158 et
885 2096 1010 2159 deorum
1023 2099 1130 2160 honori

92 2205 104 2245 a
120 2187 228 2248 datum.
257 2188 406 2246 enimvero
426 2192 530 2246 cantus
547 2184 675 2263 Apollini
693 2203 807 2268 sacros,
825 2186 936 2266 taliqire
955 2195 1062 2249 ornatu
1082 2188 1129 2248 ad·

119 2283 198 2336 stare
212 2293 271 2335 non
286 2273 374 2334 modo
388 2273 508 2335 Graecis
522 2275 553 2335 in
568 2273 701 2355 urbibus,
717 2275 769 2335 sed
784 2275 913 2336 Romana
928 2276 1006 2355 apud
1020 2277 1130 2356 templa

119 2383 229 2425 numen
243 2365 436 2446 praecipuum
450 2370 480 2424 et
494 2365 669 2443 praescium.
702 2383 756 2424 nec
771 2366 829 2424 iam
844 2366 909 2424 sisti
922 2372 1047 2446 poterat,
1062 2384 1131 2427 oum

120 2455 249 2516 Senecae
268 2472 302 2514 ac
321 2453 416 2513 Bnrro
435 2455 544 2534 visum,
568 2470 605 2512 ne
629 2460 754 2533 utraque
780 2454 979 2534 pervinceret,
1003 2453 1130 2516 alterum

120 2545 291 2606 concedere.
320 2542 511 2621 clausumque
526 2541 599 2602 valle
614 2541 752 2602 Vaticana
766 2544 902 2623 spatium,
918 2544 949 2602 in
964 2561 1022 2622 quo
1038 2534 1131 2624 equos

80 2651 104 2687 10
120 2641 245 2715 regeret,
259 2632 337 2693 haud
351 2633 499 2711 promisco
515 2630 691 2710 spectaculo.
719 2649 787 2691 mox
798 2629 876 2691 ultro
889 2633 988 2692 vocari
1001 2632 1131 2711 populus

119 2722 268 2783 Romanus
287 2721 481 2800 laudibusque
505 2718 659 2800 extollere,
683 2727 716 2780 ut
739 2726 784 2779 est
807 2718 912 2799 vulgus
936 2722 1058 2799 cupiens
1082 2739 1130 2781 vo·

119 2810 265 2889 luptatum
275 2818 313 2891 et,
328 2812 354 2870 si
369 2809 472 2870 eodem
485 2811 625 2887 princeps
640 2807 745 2889 trabat,
761 2808 878 2869 laetum.
906 2816 1040 2869 ceterum
1051 2808 1130 2870 evul-

120 2907 204 2978 gatus
222 2898 319 2978 pudor
338 2916 397 2958 non
412 2900 590 2978 satietatem,
609 2904 642 2958 ut
659 2896 815 2979 rebantur,
835 2897 887 2958 sed
905 2899 1131 2959 incitamentum
1158 2957 1160 2962 .

120 2987 226 3049 attulit.
254 2994 396 3066 ratusque
416 2986 544 3047 dedecus
559 2985 681 3067 molliri,
700 2988 726 3046 si
743 2986 845 3065 plures
864 2986 1024 3067 foedasset,
1048 2984 1130 3047 nobi·

80 3093 105 3133 15
120 3079 192 3138 lium
213 3075 389 3137 familiarum
413 3083 548 3155 posteros
572 3082 702 3153 egestate
725 3074 843 3136 venales
866 3077 898 3136 in
921 3093 1058 3136 scaenam
1082 3075 1131 3135 de-

191 3247 236 3314 12,
258 3254 290 3302 19
308 3245 456 3318 cyborium,
477 3264 524 3302 em.
544 3246 695 3311 Rhenanus
710 3249 715 3317 Ι
731 3251 765 3301 22
785 3245 918 3316 mitigata
934 3288 939 3300 .
954 3247 1050 3300 tamen
1067 3263 1129 3302 noc:

118 3321 215 3373 tamen
233 3317 365 3388 mitigata
380 3321 385 3388 l
401 3318 446 3386 lt,
461 3319 591 3378 anenata
607 3318 612 3387 l
628 3324 643 3372 9
658 3316 821 3372 incenderet
834 3325 848 3372 1
864 3333 898 3371 m.
915 3317 920 3385 Ι
936 3317 981 3384 14,
998 3323 1012 3371 1
1027 3332 1061 3371 ou
1082 3316 1131 3371 ido

119 3391 247 3459 Iapsios:
263 3389 344 3460 copia
358 3391 435 3459 (cura
449 3390 496 3458 al.)
513 3391 518 3459 Ι
533 3390 720 3444 aeonoeriare
733 3387 811 3457 equis
820 3388 932 3456 scripsi:
948 3402 1012 3442 cum
1026 3336 1133 3443 cadrei

120 3463 246 3532 (cenaret
264 3465 342 3529 corr.)
362 3461 423 3530 quis
443 3462 536 3531 (curru
554 3462 661 3514 certare
681 3459 802 3528 etoquia
816 3458 924 3526 Baiter)
940 3459 945 3528 Ι
962 3463 978 3513 i
993 3461 1132 3514 memorat

121 3533 125 3605 Ι
147 3539 162 3589 t
181 3548 284 3586 numen
304 3532 466 3588 Rhenanus:
485 3546 585 3585 nomen
604 3533 609 3588 l
625 3536 637 3585 ἱ
669 3533 789 3576 ’Μῶαν
841 3529 979 3583 'nuatione
